2588 4178
536 216 700 275 mvnvs
1070 228 1116 289 90
1129 239 1177 292 309

117 382 182 443 aliis
203 385 291 444 rebus
312 394 375 444 tum
398 383 614 445 studiosissime
633 383 664 443 in
683 381 839 444 dialectica
858 382 1023 456 exercebar,
1038 401 1116 460 quae

118 480 203 558 quasi
217 492 369 541 contracta
383 494 412 542 et
425 481 545 541 astricta
558 480 730 560 eloquentia
748 481 881 559 putanda
894 491 957 554 est;
978 479 1043 541 sine
1057 500 1116 558 qua

118 578 208 639 etiam
231 590 271 652 tu,
296 581 394 651 Brute,
419 578 586 639 iudicavisti
614 589 644 639 te
666 579 747 638 illam
773 577 880 638 iustam
903 577 1114 656 eloquentiam,

118 697 210 754 quam
238 675 424 736 dialecticam
455 696 520 736 esse
550 675 703 736 dilatatam
736 686 851 753 putant,
879 675 1024 753 consequi
1054 695 1116 736 non

88 791 102 839 5
118 793 214 852 posse.
260 773 341 833 Huic
356 793 412 851 ego
427 773 543 834 doctori
557 772 664 834 eteius
679 772 791 834 artibus
805 772 892 833 variis
910 785 1001 851 atque
1016 771 1117 833 multis

118 871 160 930 ita
187 891 268 930 eram
296 882 397 931 tamen
425 870 546 931 deditus
568 881 601 930 ut
628 870 668 930 ab
695 869 955 930 exercitationibus
984 869 1117 931 oratoriis

118 972 218 1030 nullus
239 969 303 1030 dies
324 989 435 1028 vacuus
456 980 540 1030 esset.
585 968 819 1031 Commentabar
839 966 1180 1041 declamitans-si0310

119 1068 199 1129 enirn
228 1087 309 1127 nunc
328 1068 645 1145 loquuntur-saepe
673 1086 742 1126 cum
778 1068 821 1127 M.
847 1065 956 1126 Pisone
986 1077 1016 1126 et
1048 1085 1118 1126 cum

120 1166 159 1241 Q.
176 1163 322 1242 Pompeio
342 1175 393 1223 aut
412 1183 480 1223 cum
501 1163 603 1241 aliquo
623 1162 754 1237 cottidie,
770 1162 862 1240 idque
880 1163 1027 1225 faciebam
1046 1165 1118 1223 mul-

75 1287 107 1323 ιο
120 1275 183 1322 tunr
208 1263 297 1322 etiam
321 1262 438 1336 Latine,
460 1263 513 1322 sed
538 1263 652 1322 Graece
674 1260 799 1338 saepius,
825 1262 872 1320 vel
896 1262 980 1338 quod
1005 1263 1119 1321 Graeca

119 1359 215 1419 oratio
229 1361 313 1437 plura
326 1370 501 1424 ornamenta
515 1357 709 1436 suppeditans
722 1357 971 1419 consuetudinem
986 1356 1120 1418 similiter

120 1457 228 1518 Latine
256 1455 378 1517 dicendi
405 1455 566 1528 adferebat,
601 1456 648 1515 vel
683 1456 766 1532 quod
793 1475 811 1515 a
839 1454 960 1516 Graecis
994 1455 1119 1515 summis

120 1555 302 1625 doctoribus,
332 1552 389 1613 nisi
418 1554 531 1613 Graece
564 1551 703 1626 dicerem,
733 1572 832 1630 neque
862 1551 966 1630 corrigi
999 1571 1118 1630 possem

121 1671 219 1729 neque
234 1650 343 1712 doceri.
386 1651 546 1711 Tumultus
561 1649 678 1710 interim
692 1651 725 1709 in
738 1651 941 1728 recuperanda
954 1670 986 1710 re
999 1648 1121 1728 publica
1133 1671 1180 1724 3¹¹

78 1769 107 1820 15
122 1761 152 1809 et
178 1749 306 1809 crudelis
330 1747 465 1810 interitus
493 1757 642 1808 oratorum
671 1746 760 1808 trium
788 1749 948 1808 Scaevolae
973 1746 1120 1808 Carbonis

122 1846 241 1920 Antisti,
252 1845 363 1907 reditus
378 1847 485 1907 Cottae
500 1845 639 1907 Curionis
653 1844 752 1907 Crassi
771 1847 967 1907 Lentulorum
984 1844 1118 1923 Pompei,

122 1945 201 2021 leges
223 1954 252 2002 et
273 1941 383 2003 iudicia
403 1942 572 2015 constituta,
595 1953 767 2020 recuperata
788 1962 833 2006 res
855 1941 992 2020 publica;
1014 1962 1050 2002 ex
1068 1962 1119 2003 nu·

122 2060 205 2101 mero
219 2050 319 2099 autem
331 2050 488 2101 oratorum
509 2039 694 2117 Pomponius
708 2039 891 2101 Censorinus
909 2041 1038 2100 Murena
1053 2040 1121 2100 sub

122 2137 182 2198 lati.
225 2140 304 2197 Tum
329 2137 457 2215 primum
475 2157 532 2198 nos
552 2139 591 2198 ad
612 2157 716 2198 causas
737 2148 768 2199 et
787 2137 915 2216 privatas
936 2148 965 2198 et
985 2137 1120 2215 publicas

79 2263 110 2298 ιο
123 2235 204 2295 adire
225 2235 388 2314 coepimus,
403 2256 465 2297 non
486 2246 519 2295 ut
540 2235 571 2296 in
592 2237 665 2296 soro
677 2235 868 2307 disceremus,
884 2236 967 2314 quod
988 2235 1121 2313 plerique

122 2335 264 2406 lecerunt,
280 2334 333 2394 sed
348 2344 388 2406 ut,
404 2344 550 2410 qnantum
567 2353 623 2393 nos
638 2334 753 2394 efficere
769 2332 978 2411 potuissemus
994 2331 1076 2392 docti
1089 2332 1121 2392 in

121 2432 218 2491 sorum
230 2429 405 2490 veniremus.
436 2431 554 2491 Eodem
563 2440 697 2508 tempore
709 2416 827 2491 Moloni
838 2429 976 2490 dedimus
985 2449 1107 2507 operam
1113 2450 1122 2504 3
1135 2453 1181 2503 με

122 2527 266 2588 dictatore
294 2526 374 2588 enim
400 2527 481 2587 Sulla
503 2519 616 2604 legatus
640 2528 680 2587 ad
705 2538 841 2587 senatum
870 2528 909 2587 de
932 2526 1121 2588 Rhodiorum

122 2624 260 2703 praemiis
281 2635 409 2684 venerat.
454 2626 559 2700 Itaque
587 2623 682 2702 prima
709 2643 798 2684 causa
826 2623 945 2702 publica
972 2643 1026 2702 pro
1054 2626 1119 2685 Sem

79 2746 109 2796 ²5
123 2721 236 2782 Roscio
258 2720 340 2782 dicta
366 2731 482 2781 tantum
507 2720 778 2782 commendationis
798 2720 904 2781 habuit
924 2732 957 2781 ut
978 2741 1040 2783 non
1062 2706 1121 2782 ulla

122 2831 200 2880 esset
214 2838 291 2896 quae
305 2837 367 2878 non
381 2817 472 2896 digna
485 2828 588 2879 nostro
601 2817 767 2895 patrocinio
780 2816 936 2878 videretur.
969 2817 1120 2897 Deinceps

122 2916 193 2976 inde
221 2918 340 2988 multae,
365 2935 439 2993 quas
461 2935 517 2976 nos
541 2914 697 2993 diligenter
721 2915 885 2975 elaboratas
910 2925 940 2975 et
967 2926 1120 2993 tamquam

122 3015 308 3074 elucubratas
329 3014 545 3074 adferebamus.
566 3031 567 3036 ¹

164 3113 254 3170 Nunc
281 3110 425 3188 quoniam
453 3121 549 3171 totum
579 3131 628 3172 me
652 3131 714 3172 non
736 3129 832 3170 naevo
855 3109 956 3189 aliquo
983 3123 1035 3170 aut
1062 3131 1122 3172 cre·
1136 3140 1183 3190 313

77 3228 111 3279 30
123 3206 251 3285 pundiis,
278 3210 331 3269 sed
354 3227 483 3285 corpore,
500 3207 584 3268 omni
605 3207 714 3269 videris
734 3209 810 3268 velle
831 3226 1019 3284 cognoscere,
1042 3229 1122 3269 corn-
1199 3204 1200 3207 ’

122 3377 174 3474 εἰ,
186 3378 254 3476 2223
271 3360 464 3476 q⁰”³1M⁶'f'
472 3363 636 3476 mam
659 3361 724 3475 {aa
742 3378 792 3474 t*
809 3377 884 3475 ‘¹¹¹⁸”l
896 3396 903 3411 ·
916 3397 945 3475 ‘a
958 3363 1124 3478 {libbi-

124 3506 152 3539 re
163 3445 188 3553 ps
204 3491 226 3540 o
241 3442 379 3541 narrari
381 3511 387 3540 ι
396 3442 482 3554 ‘'12³⁵ss
495 3493 518 3540 L
557 3443 605 3491 μ
628 3443 766 3554 liutans
780 3493 865 3554 vura:
888 3443 1000 3541 inat
1066 3445 1121 3543 ibi
1141 3517 1144 3521 -

124 3557 194 3605 nulla
211 3557 317 3620 Madvig
332 3574 392 3606 cum
410 3557 477 3608 codd.
490 3556 536 3606 det.
612 3569 613 3572 ’
653 3572 685 3618 27
702 3563 728 3605 et
740 3563 862 3618 tanquam
873 3557 964 3606 Rrbius
975 3556 1041 3607 codd.
1055 3557 1118 3608 det:

123 3623 201 3670 etiam
213 3638 289 3684 quam
300 3621 324 3671 L
