<?xml version="1.0" encoding="UTF-8"?>
<!DOCTYPE html PUBLIC "-//W3C//DTD XHTML 1.0 Transitional//EN"
    "http://www.w3.org/TR/xhtml1/DTD/xhtml1-transitional.dtd">
<html xmlns="http://www.w3.org/1999/xhtml" xml:lang="en" lang="en">
 <head>
  <title>
</title>
<meta http-equiv="Content-Type" content="text/html;charset=utf-8" />
  <meta name='ocr-system' content='tesseract 3.04.00' />
  <meta name='ocr-capabilities' content='ocr_page ocr_carea ocr_par ocr_line ocrx_word'/>
</head>
<body>
  <div class='ocr_page' id='page_1' title='image "./mtvlliciceronis00wilkgoog_0226.png"; bbox 0 0 2588 4178; ppageno 0'>
   <div class='ocr_carea' id='block_1_1' title="bbox 106 193 858 272">
    <p class='ocr_par' dir='ltr' id='par_1_1' title="bbox 106 193 858 272">
     <span class='ocr_line' id='line_1_1' title="bbox 106 193 858 272; baseline 0 -18"><span class='ocrx_word' id='word_1_1' title='bbox 106 211 141 272; x_wconf 83' lang='lat'>14</span> <span class='ocrx_word' id='word_1_2' title='bbox 155 221 187 271; x_wconf 86' lang='grc'>49</span> <span class='ocrx_word' id='word_1_3' title='bbox 407 198 451 254; x_wconf 89' lang='grc' dir='ltr'>Μ.</span> <span class='ocrx_word' id='word_1_4' title='bbox 473 195 602 254; x_wconf 91' lang='lat' dir='ltr'>TVLLI</span> <span class='ocrx_word' id='word_1_5' title='bbox 624 193 858 255; x_wconf 89' lang='lat' dir='ltr'><strong>CICERONIS</strong></span> 
     </span>
    </p>
   </div>
   <div class='ocr_carea' id='block_1_2' title="bbox 78 360 1202 3368">
    <p class='ocr_par' dir='ltr' id='par_1_2' title="bbox 78 360 1202 3368">
     <span class='ocr_line' id='line_1_2' title="bbox 152 360 1157 439; baseline -0.005 -15"><span class='ocrx_word' id='word_1_6' title='bbox 152 377 182 424; x_wconf 85' lang='lat' dir='ltr'>et</span> <span class='ocrx_word' id='word_1_7' title='bbox 209 366 248 424; x_wconf 93' lang='lat' dir='ltr'>de</span> <span class='ocrx_word' id='word_1_8' title='bbox 276 374 340 423; x_wconf 92' lang='lat' dir='ltr'>toto</span> <span class='ocrx_word' id='word_1_9' title='bbox 368 381 475 439; x_wconf 86' lang='lat' dir='ltr'>genere</span> <span class='ocrx_word' id='word_1_10' title='bbox 503 360 624 420; x_wconf 91' lang='lat' dir='ltr'>testium</span> <span class='ocrx_word' id='word_1_11' title='bbox 652 381 743 438; x_wconf 88' lang='lat' dir='ltr'>quam</span> <span class='ocrx_word' id='word_1_12' title='bbox 772 360 803 421; x_wconf 94' lang='lat' dir='ltr'>id</span> <span class='ocrx_word' id='word_1_13' title='bbox 825 360 863 420; x_wconf 89' lang='lat' dir='ltr'>sit</span> <span class='ocrx_word' id='word_1_14' title='bbox 890 360 1043 420; x_wconf 87' lang='lat' dir='ltr'>infirmum</span> <span class='ocrx_word' id='word_1_15' title='bbox 1067 379 1157 438; x_wconf 85' lang='lat' dir='ltr'>saepe</span> 
     </span>
     <span class='ocr_line' id='line_1_3' title="bbox 152 456 1158 535; baseline -0.007 -13"><span class='ocrx_word' id='word_1_16' title='bbox 152 462 316 523; x_wconf 88' lang='lat' dir='ltr'>dicendum</span> <span class='ocrx_word' id='word_1_17' title='bbox 336 471 381 520; x_wconf 88' lang='lat' dir='ltr'>est</span> <span class='ocrx_word' id='word_1_18' title='bbox 400 471 429 519; x_wconf 92' lang='lat' dir='ltr'>et</span> <span class='ocrx_word' id='word_1_19' title='bbox 450 469 625 535; x_wconf 86' lang='lat' dir='ltr'>argumenta</span> <span class='ocrx_word' id='word_1_20' title='bbox 641 478 738 517; x_wconf 91' lang='lat' dir='ltr'>rerum</span> <span class='ocrx_word' id='word_1_21' title='bbox 759 478 824 519; x_wconf 90' lang='lat' dir='ltr'>esse</span> <span class='ocrx_word' id='word_1_22' title='bbox 843 457 969 535; x_wconf 90' lang='lat' dir='ltr'>propria,</span> <span class='ocrx_word' id='word_1_23' title='bbox 986 456 1158 518; x_wconf 89' lang='lat' dir='ltr'>testimonia</span> 
     </span>
     <span class='ocr_line' id='line_1_4' title="bbox 151 555 1157 634; baseline -0.006 -14"><span class='ocrx_word' id='word_1_24' title='bbox 151 571 253 621; x_wconf 90' lang='lat' dir='ltr'>autem</span> <span class='ocrx_word' id='word_1_25' title='bbox 270 560 458 619; x_wconf 83' lang='lat' dir='ltr'>voluntatum</span> <span class='ocrx_word' id='word_1_26' title='bbox 469 578 478 631; x_wconf 78' lang='lat'>3</span> <span class='ocrx_word' id='word_1_27' title='bbox 502 557 708 632; x_wconf 92' lang='lat' dir='ltr'>utendumque</span> <span class='ocrx_word' id='word_1_28' title='bbox 728 555 880 634; x_wconf 86' lang='lat' dir='ltr'>exemplis,</span> <span class='ocrx_word' id='word_1_29' title='bbox 899 556 924 616; x_wconf 93' lang='lat' dir='ltr'>si</span> <span class='ocrx_word' id='word_1_30' title='bbox 944 555 1010 634; x_wconf 92' lang='lat' dir='ltr'>quis</span> <span class='ocrx_word' id='word_1_31' title='bbox 1030 555 1157 616; x_wconf 91' lang='lat' dir='ltr'>testibus</span> 
     </span>
     <span class='ocr_line' id='line_1_5' title="bbox 151 652 1157 730; baseline -0.005 -13"><span class='ocrx_word' id='word_1_32' title='bbox 151 657 297 718; x_wconf 91' lang='lat' dir='ltr'>creditum</span> <span class='ocrx_word' id='word_1_33' title='bbox 319 675 381 714; x_wconf 92' lang='lat' dir='ltr'>non</span> <span class='ocrx_word' id='word_1_34' title='bbox 401 653 438 714; x_wconf 90' lang='lat' dir='ltr'>sit</span> <span class='ocrx_word' id='word_1_35' title='bbox 448 675 456 728; x_wconf 91' lang='lat'>;</span> <span class='ocrx_word' id='word_1_36' title='bbox 478 664 507 713; x_wconf 92' lang='lat' dir='ltr'>et</span> <span class='ocrx_word' id='word_1_37' title='bbox 524 655 563 714; x_wconf 94' lang='lat' dir='ltr'>de</span> <span class='ocrx_word' id='word_1_38' title='bbox 583 652 705 730; x_wconf 89' lang='lat' dir='ltr'>singulis</span> <span class='ocrx_word' id='word_1_39' title='bbox 725 653 858 728; x_wconf 86' lang='lat' dir='ltr'>testibus,</span> <span class='ocrx_word' id='word_1_40' title='bbox 875 653 900 714; x_wconf 93' lang='lat' dir='ltr'>si</span> <span class='ocrx_word' id='word_1_41' title='bbox 919 665 1024 714; x_wconf 89' lang='lat' dir='ltr'>natura</span> <span class='ocrx_word' id='word_1_42' title='bbox 1037 653 1116 727; x_wconf 86' lang='lat' dir='ltr'>vani,</span> <span class='ocrx_word' id='word_1_43' title='bbox 1132 652 1157 713; x_wconf 92' lang='lat' dir='ltr'>si</span> 
     </span>
     <span class='ocr_line' id='line_1_6' title="bbox 151 749 1184 829; baseline -0.003 -16"><span class='ocrx_word' id='word_1_44' title='bbox 151 757 239 826; x_wconf 90' lang='lat' dir='ltr'>leves,</span> <span class='ocrx_word' id='word_1_45' title='bbox 263 752 288 812; x_wconf 95' lang='lat' dir='ltr'>si</span> <span class='ocrx_word' id='word_1_46' title='bbox 311 772 380 812; x_wconf 93' lang='lat' dir='ltr'>cum</span> <span class='ocrx_word' id='word_1_47' title='bbox 400 749 574 827; x_wconf 73' lang='lat' dir='ltr'>ignominia</span> <span class='ocrx_word' id='word_1_48' title='bbox 599 750 624 810; x_wconf 93' lang='lat' dir='ltr'>si</span> <span class='ocrx_word' id='word_1_49' title='bbox 647 770 709 829; x_wconf 91' lang='lat' dir='ltr'>spe,</span> <span class='ocrx_word' id='word_1_50' title='bbox 735 751 760 811; x_wconf 92' lang='lat' dir='ltr'>si</span> <span class='ocrx_word' id='word_1_51' title='bbox 786 762 875 825; x_wconf 90' lang='lat' dir='ltr'>metu,</span> <span class='ocrx_word' id='word_1_52' title='bbox 898 750 923 812; x_wconf 92' lang='lat' dir='ltr'>si</span> <span class='ocrx_word' id='word_1_53' title='bbox 944 751 1107 824; x_wconf 84' lang='lat' dir='ltr'>iracundia,</span> <span class='ocrx_word' id='word_1_54' title='bbox 1130 750 1184 827; x_wconf 85' lang='lat' dir='ltr'>si5</span> 
     </span>
     <span class='ocr_line' id='line_1_7' title="bbox 152 847 1158 927; baseline -0.003 -17"><span class='ocrx_word' id='word_1_55' title='bbox 152 849 353 911; x_wconf 88' lang='lat' dir='ltr'>misericordia</span> <span class='ocrx_word' id='word_1_56' title='bbox 374 847 503 926; x_wconf 90' lang='lat' dir='ltr'>impulsi,</span> <span class='ocrx_word' id='word_1_57' title='bbox 527 847 551 907; x_wconf 95' lang='lat' dir='ltr'>si</span> <span class='ocrx_word' id='word_1_58' title='bbox 574 848 715 926; x_wconf 86' lang='lat' dir='ltr'>praemio,</span> <span class='ocrx_word' id='word_1_59' title='bbox 741 847 766 908; x_wconf 92' lang='lat' dir='ltr'>si</span> <span class='ocrx_word' id='word_1_60' title='bbox 790 848 883 927; x_wconf 89' lang='lat' dir='ltr'>gratia</span> <span class='ocrx_word' id='word_1_61' title='bbox 906 848 1029 909; x_wconf 92' lang='lat' dir='ltr'>adducti</span> <span class='ocrx_word' id='word_1_62' title='bbox 1039 871 1049 923; x_wconf 87' lang='lat'>;</span> <span class='ocrx_word' id='word_1_63' title='bbox 1076 869 1158 909; x_wconf 92' lang='lat' dir='ltr'>com-</span> 
     </span>
     <span class='ocr_line' id='line_1_8' title="bbox 150 946 1157 1027; baseline -0.002 -19"><span class='ocrx_word' id='word_1_64' title='bbox 150 947 335 1027; x_wconf 87' lang='lat' dir='ltr'>parandique</span> <span class='ocrx_word' id='word_1_65' title='bbox 349 967 418 1007; x_wconf 94' lang='lat' dir='ltr'>cum</span> <span class='ocrx_word' id='word_1_66' title='bbox 433 946 584 1025; x_wconf 89' lang='lat' dir='ltr'>superiore</span> <span class='ocrx_word' id='word_1_67' title='bbox 597 946 773 1008; x_wconf 89' lang='lat' dir='ltr'>auctoritate</span> <span class='ocrx_word' id='word_1_68' title='bbox 787 947 920 1022; x_wconf 89' lang='lat' dir='ltr'>testium,</span> <span class='ocrx_word' id='word_1_69' title='bbox 930 947 1039 1025; x_wconf 91' lang='lat' dir='ltr'>quibus</span> <span class='ocrx_word' id='word_1_70' title='bbox 1054 958 1157 1007; x_wconf 88' lang='lat' dir='ltr'>tamen</span> 
     </span>
     <span class='ocr_line' id='line_1_9' title="bbox 106 1042 1156 1124; baseline -0.007 -15"><span class='ocrx_word' id='word_1_71' title='bbox 106 1075 139 1124; x_wconf 88' lang='lat'>50</span> <span class='ocrx_word' id='word_1_72' title='bbox 149 1045 296 1106; x_wconf 92' lang='lat' dir='ltr'>creditum</span> <span class='ocrx_word' id='word_1_73' title='bbox 319 1065 380 1105; x_wconf 93' lang='lat' dir='ltr'>non</span> <span class='ocrx_word' id='word_1_74' title='bbox 402 1044 447 1104; x_wconf 89' lang='lat' dir='ltr'>sit.</span> <span class='ocrx_word' id='word_1_75' title='bbox 492 1045 587 1121; x_wconf 85' lang='lat' dir='ltr'>Saepe</span> <span class='ocrx_word' id='word_1_76' title='bbox 604 1043 694 1104; x_wconf 90' lang='lat' dir='ltr'>etiam</span> <span class='ocrx_word' id='word_1_77' title='bbox 712 1044 938 1123; x_wconf 89' lang='lat' dir='ltr'>quaestionibus</span> <span class='ocrx_word' id='word_1_78' title='bbox 956 1042 1156 1104; x_wconf 90' lang='lat' dir='ltr'>resistendum</span> 
     </span>
     <span class='ocr_line' id='line_1_10' title="bbox 150 1141 1157 1221; baseline -0.004 -17"><span class='ocrx_word' id='word_1_79' title='bbox 150 1155 203 1217; x_wconf 88' lang='lat' dir='ltr'>est,</span> <span class='ocrx_word' id='word_1_80' title='bbox 220 1145 303 1221; x_wconf 94' lang='lat' dir='ltr'>quod</span> <span class='ocrx_word' id='word_1_81' title='bbox 317 1155 348 1202; x_wconf 91' lang='lat' dir='ltr'>et</span> <span class='ocrx_word' id='word_1_82' title='bbox 369 1143 504 1202; x_wconf 92' lang='lat' dir='ltr'>dolorem</span> <span class='ocrx_word' id='word_1_83' title='bbox 524 1141 670 1218; x_wconf 81' lang='lat' dir='ltr'>fugientes</span> <span class='ocrx_word' id='word_1_84' title='bbox 689 1141 773 1202; x_wconf 93' lang='lat' dir='ltr'>multi</span> <span class='ocrx_word' id='word_1_85' title='bbox 791 1141 822 1201; x_wconf 91' lang='lat' dir='ltr'>in</span> <span class='ocrx_word' id='word_1_86' title='bbox 844 1141 999 1202; x_wconf 90' lang='lat' dir='ltr'>tormentis</span> <span class='ocrx_word' id='word_1_87' title='bbox 1020 1141 1157 1202; x_wconf 90' lang='lat' dir='ltr'>ementiti</span> 
     </span>
     <span class='ocr_line' id='line_1_11' title="bbox 149 1239 1202 1318; baseline -0.002 -18"><span class='ocrx_word' id='word_1_88' title='bbox 149 1261 292 1318; x_wconf 87' lang='lat' dir='ltr'>persaepe</span> <span class='ocrx_word' id='word_1_89' title='bbox 320 1240 379 1300; x_wconf 89' lang='lat' dir='ltr'>sint</span> <span class='ocrx_word' id='word_1_90' title='bbox 412 1239 548 1317; x_wconf 91' lang='lat' dir='ltr'>morique</span> <span class='ocrx_word' id='word_1_91' title='bbox 582 1239 743 1300; x_wconf 84' lang='lat' dir='ltr'>maluerint</span> <span class='ocrx_word' id='word_1_92' title='bbox 767 1241 875 1300; x_wconf 85' lang='lat' dir='ltr'>falsum</span> <span class='ocrx_word' id='word_1_93' title='bbox 908 1240 1031 1299; x_wconf 81' lang='lat' dir='ltr'>fatendo</span> <span class='ocrx_word' id='word_1_94' title='bbox 1063 1258 1156 1316; x_wconf 92' lang='lat' dir='ltr'>quam</span> <span class='ocrx_word' id='word_1_95' title='bbox 1173 1263 1202 1298; x_wconf 79' lang='grc' dir='ltr'>ιο</span> 
     </span>
     <span class='ocr_line' id='line_1_12' title="bbox 149 1336 1159 1414; baseline 0 -16"><span class='ocrx_word' id='word_1_96' title='bbox 149 1359 251 1398; x_wconf 89' lang='lat' dir='ltr'>vemm</span> <span class='ocrx_word' id='word_1_97' title='bbox 273 1337 431 1398; x_wconf 89' lang='lat' dir='ltr'>infitiando</span> <span class='ocrx_word' id='word_1_98' title='bbox 450 1339 570 1410; x_wconf 81' lang='lat' dir='ltr'>dolere3</span> <span class='ocrx_word' id='word_1_99' title='bbox 593 1336 679 1396; x_wconf 91' lang='lat' dir='ltr'>multi</span> <span class='ocrx_word' id='word_1_100' title='bbox 698 1336 789 1397; x_wconf 86' lang='lat' dir='ltr'>etiam</span> <span class='ocrx_word' id='word_1_101' title='bbox 807 1357 892 1397; x_wconf 88' lang='lat' dir='ltr'>suam</span> <span class='ocrx_word' id='word_1_102' title='bbox 911 1337 1002 1397; x_wconf 89' lang='lat' dir='ltr'>vitam</span> <span class='ocrx_word' id='word_1_103' title='bbox 1022 1339 1159 1414; x_wconf 88' lang='lat' dir='ltr'>neglexe-</span> 
     </span>
     <span class='ocr_line' id='line_1_13' title="bbox 149 1434 1158 1513; baseline 0 -17"><span class='ocrx_word' id='word_1_104' title='bbox 149 1435 216 1510; x_wconf 89' lang='lat' dir='ltr'>rint,</span> <span class='ocrx_word' id='word_1_105' title='bbox 233 1447 271 1496; x_wconf 67' lang='lat' dir='ltr'>⁴ut</span> <span class='ocrx_word' id='word_1_106' title='bbox 292 1456 344 1496; x_wconf 95' lang='lat' dir='ltr'>eos</span> <span class='ocrx_word' id='word_1_107' title='bbox 366 1434 417 1513; x_wconf 92' lang='lat' dir='ltr'>qui</span> <span class='ocrx_word' id='word_1_108' title='bbox 438 1434 481 1495; x_wconf 91' lang='lat' dir='ltr'>eis</span> <span class='ocrx_word' id='word_1_109' title='bbox 502 1434 629 1495; x_wconf 90' lang='lat' dir='ltr'>cariores</span> <span class='ocrx_word' id='word_1_110' title='bbox 654 1455 744 1513; x_wconf 93' lang='lat' dir='ltr'>quam</span> <span class='ocrx_word' id='word_1_111' title='bbox 769 1435 826 1512; x_wconf 93' lang='lat' dir='ltr'>ipsi</span> <span class='ocrx_word' id='word_1_112' title='bbox 847 1434 905 1495; x_wconf 91' lang='lat' dir='ltr'>sibi</span> <span class='ocrx_word' id='word_1_113' title='bbox 925 1445 1026 1495; x_wconf 90' lang='lat' dir='ltr'>essent</span> <span class='ocrx_word' id='word_1_114' title='bbox 1053 1434 1158 1496; x_wconf 87' lang='lat' dir='ltr'>libera-</span> 
     </span>
     <span class='ocr_line' id='line_1_14' title="bbox 149 1533 1157 1612; baseline 0.002 -19"><span class='ocrx_word' id='word_1_115' title='bbox 149 1546 214 1595; x_wconf 86' lang='lat' dir='ltr'>rent</span> <span class='ocrx_word' id='word_1_116' title='bbox 224 1557 233 1609; x_wconf 80' lang='lat'><em>3</em></span> <span class='ocrx_word' id='word_1_117' title='bbox 266 1534 316 1594; x_wconf 89' lang='lat' dir='ltr'>alii</span> <span class='ocrx_word' id='word_1_118' title='bbox 343 1546 444 1594; x_wconf 92' lang='lat' dir='ltr'>autem</span> <span class='ocrx_word' id='word_1_119' title='bbox 468 1545 524 1594; x_wconf 85' lang='lat' dir='ltr'>aut</span> <span class='ocrx_word' id='word_1_120' title='bbox 552 1545 657 1594; x_wconf 88' lang='lat' dir='ltr'>natura</span> <span class='ocrx_word' id='word_1_121' title='bbox 689 1533 821 1612; x_wconf 89' lang='lat' dir='ltr'>corporis</span> <span class='ocrx_word' id='word_1_122' title='bbox 852 1545 903 1594; x_wconf 93' lang='lat' dir='ltr'>aut</span> <span class='ocrx_word' id='word_1_123' title='bbox 936 1534 1157 1596; x_wconf 90' lang='lat' dir='ltr'>consuetudine</span> 
     </span>
     <span class='ocr_line' id='line_1_15' title="bbox 148 1620 1156 1709; baseline -0.001 -17"><span class='ocrx_word' id='word_1_124' title='bbox 148 1631 273 1692; x_wconf 92' lang='lat' dir='ltr'>dolendi</span> <span class='ocrx_word' id='word_1_125' title='bbox 299 1644 351 1691; x_wconf 88' lang='lat' dir='ltr'>aut</span> <span class='ocrx_word' id='word_1_126' title='bbox 383 1645 464 1691; x_wconf 91' lang='lat' dir='ltr'>metu</span> <span class='ocrx_word' id='word_1_127' title='bbox 496 1630 624 1709; x_wconf 90' lang='lat' dir='ltr'>supplici</span> <span class='ocrx_word' id='word_1_128' title='bbox 655 1652 690 1691; x_wconf 90' lang='lat' dir='ltr'>ac</span> <span class='ocrx_word' id='word_1_129' title='bbox 719 1631 821 1692; x_wconf 91' lang='lat' dir='ltr'>mortis</span> <span class='ocrx_word' id='word_1_130' title='bbox 849 1631 910 1690; x_wconf 88' lang='lat' dir='ltr'>vim</span> <span class='ocrx_word' id='word_1_131' title='bbox 938 1620 1156 1691; x_wconf 87' lang='lat' dir='ltr'>tormentorum</span> 
     </span>
     <span class='ocr_line' id='line_1_16' title="bbox 150 1727 1200 1808; baseline -0.001 -20"><span class='ocrx_word' id='word_1_132' title='bbox 150 1728 323 1806; x_wconf 88' lang='lat' dir='ltr'>pertulerint</span> <span class='ocrx_word' id='word_1_133' title='bbox 333 1751 341 1803; x_wconf 83' lang='lat'>;</span> <span class='ocrx_word' id='word_1_134' title='bbox 362 1727 412 1787; x_wconf 86' lang='lat' dir='ltr'>alii</span> <span class='ocrx_word' id='word_1_135' title='bbox 431 1728 566 1788; x_wconf 92' lang='lat' dir='ltr'>ementiti</span> <span class='ocrx_word' id='word_1_136' title='bbox 585 1728 645 1789; x_wconf 91' lang='lat' dir='ltr'>sint</span> <span class='ocrx_word' id='word_1_137' title='bbox 664 1728 694 1788; x_wconf 93' lang='lat' dir='ltr'>in</span> <span class='ocrx_word' id='word_1_138' title='bbox 714 1748 858 1806; x_wconf 89' lang='lat' dir='ltr'>eosquos</span> <span class='ocrx_word' id='word_1_139' title='bbox 876 1730 1009 1789; x_wconf 85' lang='lat' dir='ltr'>oderant.</span> <span class='ocrx_word' id='word_1_140' title='bbox 1052 1732 1156 1808; x_wconf 91' lang='lat' dir='ltr'>Atque</span> <span class='ocrx_word' id='word_1_141' title='bbox 1174 1754 1182 1787; x_wconf 88' lang='lat' dir='ltr'>r</span> <span class='ocrx_word' id='word_1_142' title='bbox 1188 1755 1200 1803; x_wconf 89' lang='lat'><strong>5</strong></span> 
     </span>
     <span class='ocr_line' id='line_1_17' title="bbox 104 1824 1155 1905; baseline -0.003 -16"><span class='ocrx_word' id='word_1_143' title='bbox 104 1828 224 1902; x_wconf 77' lang='lat' dir='ltr'>51haec</span> <span class='ocrx_word' id='word_1_144' title='bbox 243 1824 386 1904; x_wconf 89' lang='lat' dir='ltr'>exemplis</span> <span class='ocrx_word' id='word_1_145' title='bbox 408 1827 554 1886; x_wconf 88' lang='lat' dir='ltr'>firmanda</span> <span class='ocrx_word' id='word_1_146' title='bbox 575 1838 653 1886; x_wconf 92' lang='lat' dir='ltr'>sunt.</span> <span class='ocrx_word' id='word_1_147' title='bbox 697 1829 805 1905; x_wconf 93' lang='lat' dir='ltr'>Neque</span> <span class='ocrx_word' id='word_1_148' title='bbox 823 1839 868 1887; x_wconf 92' lang='lat' dir='ltr'>est</span> <span class='ocrx_word' id='word_1_149' title='bbox 886 1828 1049 1887; x_wconf 91' lang='lat' dir='ltr'>obscurum</span> <span class='ocrx_word' id='word_1_150' title='bbox 1071 1827 1155 1904; x_wconf 89' lang='lat' dir='ltr'>quin,</span> 
     </span>
     <span class='ocr_line' id='line_1_18' title="bbox 148 1923 1157 2002; baseline 0.003 -19"><span class='ocrx_word' id='word_1_151' title='bbox 148 1923 292 2001; x_wconf 89' lang='lat' dir='ltr'>quoniam</span> <span class='ocrx_word' id='word_1_152' title='bbox 317 1924 347 1983; x_wconf 92' lang='lat' dir='ltr'>in</span> <span class='ocrx_word' id='word_1_153' title='bbox 376 1936 533 2002; x_wconf 86' lang='lat' dir='ltr'>utramque</span> <span class='ocrx_word' id='word_1_154' title='bbox 560 1936 676 2001; x_wconf 91' lang='lat' dir='ltr'>partem</span> <span class='ocrx_word' id='word_1_155' title='bbox 700 1936 770 1985; x_wconf 88' lang='lat' dir='ltr'>sunt</span> <span class='ocrx_word' id='word_1_156' title='bbox 794 1927 930 2002; x_wconf 87' lang='lat' dir='ltr'>exempla</span> <span class='ocrx_word' id='word_1_157' title='bbox 958 1937 988 1984; x_wconf 91' lang='lat' dir='ltr'>et</span> <span class='ocrx_word' id='word_1_158' title='bbox 1015 1923 1087 1984; x_wconf 91' lang='lat' dir='ltr'>item</span> <span class='ocrx_word' id='word_1_159' title='bbox 1115 1927 1157 1986; x_wconf 89' lang='lat' dir='ltr'>ad</span> 
     </span>
     <span class='ocr_line' id='line_1_19' title="bbox 148 2020 1157 2095; baseline 0 -14"><span class='ocrx_word' id='word_1_160' title='bbox 148 2020 350 2081; x_wconf 89' lang='lat' dir='ltr'>coniecturam</span> <span class='ocrx_word' id='word_1_161' title='bbox 365 2021 532 2082; x_wconf 86' lang='lat' dir='ltr'>faciendam</span> <span class='ocrx_word' id='word_1_162' title='bbox 549 2021 616 2095; x_wconf 91' lang='lat' dir='ltr'>loci,</span> <span class='ocrx_word' id='word_1_163' title='bbox 631 2021 662 2081; x_wconf 91' lang='lat' dir='ltr'>in</span> <span class='ocrx_word' id='word_1_164' title='bbox 677 2021 831 2082; x_wconf 89' lang='lat' dir='ltr'>contrariis</span> <span class='ocrx_word' id='word_1_165' title='bbox 846 2021 993 2082; x_wconf 89' lang='lat' dir='ltr'>contraria</span> <span class='ocrx_word' id='word_1_166' title='bbox 1006 2024 1157 2082; x_wconf 89' lang='lat' dir='ltr'>sumenda</span> 
     </span>
     <span class='ocr_line' id='line_1_20' title="bbox 136 2117 1156 2196; baseline 0.001 -19"><span class='ocrx_word' id='word_1_167' title='bbox 136 2118 226 2178; x_wconf 81' lang='lat' dir='ltr'>sint·</span> <span class='ocrx_word' id='word_1_168' title='bbox 258 2121 359 2196; x_wconf 91' lang='lat' dir='ltr'>Atque</span> <span class='ocrx_word' id='word_1_169' title='bbox 380 2118 470 2179; x_wconf 85' lang='lat' dir='ltr'>etiam</span> <span class='ocrx_word' id='word_1_170' title='bbox 490 2118 612 2178; x_wconf 88' lang='lat' dir='ltr'>incurrit</span> <span class='ocrx_word' id='word_1_171' title='bbox 629 2118 688 2178; x_wconf 88' lang='lat' dir='ltr'>alia</span> <span class='ocrx_word' id='word_1_172' title='bbox 708 2122 858 2196; x_wconf 87' lang='lat' dir='ltr'>quaedam</span> <span class='ocrx_word' id='word_1_173' title='bbox 880 2118 911 2178; x_wconf 92' lang='lat' dir='ltr'>in</span> <span class='ocrx_word' id='word_1_174' title='bbox 931 2117 1056 2179; x_wconf 91' lang='lat' dir='ltr'>testibus</span> <span class='ocrx_word' id='word_1_175' title='bbox 1074 2129 1104 2178; x_wconf 91' lang='lat' dir='ltr'>et</span> <span class='ocrx_word' id='word_1_176' title='bbox 1123 2118 1156 2178; x_wconf 90' lang='lat' dir='ltr'>in</span> 
     </span>
     <span class='ocr_line' id='line_1_21' title="bbox 147 2215 1202 2299; baseline -0.001 -23"><span class='ocrx_word' id='word_1_177' title='bbox 147 2215 373 2294; x_wconf 88' lang='lat' dir='ltr'>quaestionibus</span> <span class='ocrx_word' id='word_1_178' title='bbox 399 2215 482 2276; x_wconf 91' lang='lat' dir='ltr'>ratio.</span> <span class='ocrx_word' id='word_1_179' title='bbox 525 2217 622 2293; x_wconf 87' lang='lat' dir='ltr'>Saepe</span> <span class='ocrx_word' id='word_1_180' title='bbox 651 2215 732 2277; x_wconf 90' lang='lat' dir='ltr'>enim</span> <span class='ocrx_word' id='word_1_181' title='bbox 760 2237 796 2277; x_wconf 88' lang='lat' dir='ltr'>ea</span> <span class='ocrx_word' id='word_1_182' title='bbox 818 2236 896 2293; x_wconf 86' lang='lat' dir='ltr'>quae</span> <span class='ocrx_word' id='word_1_183' title='bbox 911 2215 1006 2276; x_wconf 78' lang='lat' dir='ltr'>dicta</span> <span class='ocrx_word' id='word_1_184' title='bbox 1027 2227 1105 2299; x_wconf 87' lang='lat' dir='ltr'>sunt,</span> <span class='ocrx_word' id='word_1_185' title='bbox 1130 2216 1202 2276; x_wconf 81' lang='lat' dir='ltr'>siro</span> 
     </span>
     <span class='ocr_line' id='line_1_22' title="bbox 146 2312 1156 2391; baseline -0.001 -17"><span class='ocrx_word' id='word_1_186' title='bbox 146 2326 198 2374; x_wconf 86' lang='lat' dir='ltr'>aut</span> <span class='ocrx_word' id='word_1_187' title='bbox 218 2313 359 2391; x_wconf 87' lang='lat' dir='ltr'>ambigue</span> <span class='ocrx_word' id='word_1_188' title='bbox 380 2325 431 2373; x_wconf 91' lang='lat' dir='ltr'>aut</span> <span class='ocrx_word' id='word_1_189' title='bbox 453 2312 657 2374; x_wconf 87' lang='lat' dir='ltr'>inconstanter</span> <span class='ocrx_word' id='word_1_190' title='bbox 677 2326 729 2374; x_wconf 86' lang='lat' dir='ltr'>aut</span> <span class='ocrx_word' id='word_1_191' title='bbox 750 2312 964 2374; x_wconf 89' lang='lat' dir='ltr'>incredibiliter</span> <span class='ocrx_word' id='word_1_192' title='bbox 984 2312 1156 2373; x_wconf 91' lang='lat' dir='ltr'>dictasunt</span> 
     </span>
     <span class='ocr_line' id='line_1_23' title="bbox 146 2409 1076 2488; baseline -0.001 -17"><span class='ocrx_word' id='word_1_193' title='bbox 146 2424 198 2471; x_wconf 89' lang='lat' dir='ltr'>aut</span> <span class='ocrx_word' id='word_1_194' title='bbox 212 2411 302 2472; x_wconf 90' lang='lat' dir='ltr'>etiam</span> <span class='ocrx_word' id='word_1_195' title='bbox 317 2410 401 2471; x_wconf 86' lang='lat' dir='ltr'>aliter</span> <span class='ocrx_word' id='word_1_196' title='bbox 414 2411 454 2470; x_wconf 91' lang='lat' dir='ltr'>ab</span> <span class='ocrx_word' id='word_1_197' title='bbox 468 2410 527 2470; x_wconf 85' lang='lat' dir='ltr'>alio</span> <span class='ocrx_word' id='word_1_198' title='bbox 542 2409 632 2482; x_wconf 90' lang='lat' dir='ltr'>dicta,-</span> <span class='ocrx_word' id='word_1_199' title='bbox 648 2410 797 2471; x_wconf 90' lang='lat' dir='ltr'>subtiliter</span> <span class='ocrx_word' id='word_1_200' title='bbox 810 2412 1076 2488; x_wconf 89' lang='lat' dir='ltr'>reprehenduntur.</span> 
     </span>
     <span class='ocr_line' id='line_1_24' title="bbox 100 2478 1156 2617; baseline -0.003 -46"><span class='ocrx_word' id='word_1_201' title='bbox 100 2478 156 2617; x_wconf 56' lang='grc' dir='ltr'>ἒξ</span> <span class='ocrx_word' id='word_1_202' title='bbox 189 2510 223 2571; x_wconf 90' lang='lat' dir='ltr'>C.</span> <span class='ocrx_word' id='word_1_203' title='bbox 253 2512 393 2568; x_wconf 87' lang='lat' dir='ltr'>Extrema</span> <span class='ocrx_word' id='word_1_204' title='bbox 421 2507 475 2596; x_wconf 90' lang='lat' dir='ltr'>tibi</span> <span class='ocrx_word' id='word_1_205' title='bbox 503 2518 593 2567; x_wconf 89' lang='lat' dir='ltr'>restat</span> <span class='ocrx_word' id='word_1_206' title='bbox 626 2528 693 2585; x_wconf 87' lang='lat' dir='ltr'>pars</span> <span class='ocrx_word' id='word_1_207' title='bbox 720 2507 862 2568; x_wconf 89' lang='lat' dir='ltr'>orationis</span> <span class='ocrx_word' id='word_1_208' title='bbox 890 2528 967 2587; x_wconf 90' lang='lat' dir='ltr'>quae</span> <span class='ocrx_word' id='word_1_209' title='bbox 998 2507 1096 2586; x_wconf 88' lang='lat' dir='ltr'>posita</span> <span class='ocrx_word' id='word_1_210' title='bbox 1124 2509 1156 2568; x_wconf 91' lang='lat' dir='ltr'>in</span> 
     </span>
     <span class='ocr_line' id='line_1_25' title="bbox 146 2604 1156 2683; baseline 0.001 -19"><span class='ocrx_word' id='word_1_211' title='bbox 146 2606 313 2683; x_wconf 90' lang='lat' dir='ltr'>perorando</span> <span class='ocrx_word' id='word_1_212' title='bbox 336 2617 389 2680; x_wconf 90' lang='lat' dir='ltr'>est,</span> <span class='ocrx_word' id='word_1_213' title='bbox 405 2606 445 2665; x_wconf 93' lang='lat' dir='ltr'>de</span> <span class='ocrx_word' id='word_1_214' title='bbox 465 2624 525 2681; x_wconf 86' lang='lat' dir='ltr'>qua</span> <span class='ocrx_word' id='word_1_215' title='bbox 546 2624 618 2664; x_wconf 90' lang='lat' dir='ltr'>sane</span> <span class='ocrx_word' id='word_1_216' title='bbox 642 2604 731 2665; x_wconf 93' lang='lat' dir='ltr'>velim</span> <span class='ocrx_word' id='word_1_217' title='bbox 747 2604 864 2666; x_wconf 85' lang='lat' dir='ltr'>¹audire.</span> <span class='ocrx_word' id='word_1_218' title='bbox 908 2609 940 2665; x_wconf 93' lang='lat' dir='ltr'>P.</span> <span class='ocrx_word' id='word_1_219' title='bbox 962 2604 1089 2666; x_wconf 88' lang='lat' dir='ltr'>Facilior</span> <span class='ocrx_word' id='word_1_220' title='bbox 1109 2618 1156 2667; x_wconf 91' lang='lat' dir='ltr'>est</span> 
     </span>
     <span class='ocr_line' id='line_1_26' title="bbox 145 2701 1200 2780; baseline -0.002 -17"><span class='ocrx_word' id='word_1_221' title='bbox 145 2702 302 2780; x_wconf 87' lang='lat' dir='ltr'>explicatio</span> <span class='ocrx_word' id='word_1_222' title='bbox 333 2701 536 2780; x_wconf 87' lang='lat' dir='ltr'>perorationis.</span> <span class='ocrx_word' id='word_1_223' title='bbox 589 2704 669 2761; x_wconf 90' lang='lat' dir='ltr'>Nam</span> <span class='ocrx_word' id='word_1_224' title='bbox 697 2714 742 2765; x_wconf 90' lang='lat' dir='ltr'>est</span> <span class='ocrx_word' id='word_1_225' title='bbox 769 2703 864 2763; x_wconf 89' lang='lat' dir='ltr'>divisa</span> <span class='ocrx_word' id='word_1_226' title='bbox 891 2701 922 2761; x_wconf 91' lang='lat' dir='ltr'>in</span> <span class='ocrx_word' id='word_1_227' title='bbox 950 2704 1025 2762; x_wconf 91' lang='lat' dir='ltr'>duas</span> <span class='ocrx_word' id='word_1_228' title='bbox 1053 2703 1153 2780; x_wconf 87' lang='lat' dir='ltr'>partis,</span> <span class='ocrx_word' id='word_1_229' title='bbox 1171 2725 1200 2775; x_wconf 82' lang='lat'>²5</span> 
     </span>
     <span class='ocr_line' id='line_1_27' title="bbox 144 2798 1156 2877; baseline 0.002 -18"><span class='ocrx_word' id='word_1_230' title='bbox 144 2799 408 2877; x_wconf 89' lang='lat' dir='ltr'>amplificationem</span> <span class='ocrx_word' id='word_1_231' title='bbox 426 2811 455 2860; x_wconf 92' lang='lat' dir='ltr'>et</span> <span class='ocrx_word' id='word_1_232' title='bbox 476 2798 741 2860; x_wconf 89' lang='lat' dir='ltr'>enumerationem.</span> <span class='ocrx_word' id='word_1_233' title='bbox 785 2799 926 2877; x_wconf 87' lang='lat' dir='ltr'>Augendi</span> <span class='ocrx_word' id='word_1_234' title='bbox 944 2811 1046 2860; x_wconf 88' lang='lat' dir='ltr'>autem</span> <span class='ocrx_word' id='word_1_235' title='bbox 1060 2811 1090 2860; x_wconf 92' lang='lat' dir='ltr'>et</span> <span class='ocrx_word' id='word_1_236' title='bbox 1105 2800 1156 2861; x_wconf 91' lang='lat' dir='ltr'>hic</span> 
     </span>
     <span class='ocr_line' id='line_1_28' title="bbox 145 2896 1156 2975; baseline 0.001 -18"><span class='ocrx_word' id='word_1_237' title='bbox 145 2909 190 2957; x_wconf 92' lang='lat' dir='ltr'>est</span> <span class='ocrx_word' id='word_1_238' title='bbox 210 2896 348 2975; x_wconf 91' lang='lat' dir='ltr'>proprius</span> <span class='ocrx_word' id='word_1_239' title='bbox 369 2899 453 2957; x_wconf 93' lang='lat' dir='ltr'>locus</span> <span class='ocrx_word' id='word_1_240' title='bbox 474 2897 505 2956; x_wconf 89' lang='lat' dir='ltr'>in</span> <span class='ocrx_word' id='word_1_241' title='bbox 522 2899 697 2974; x_wconf 88' lang='lat' dir='ltr'>perorand0,</span> <span class='ocrx_word' id='word_1_242' title='bbox 714 2909 744 2958; x_wconf 91' lang='lat' dir='ltr'>et</span> <span class='ocrx_word' id='word_1_243' title='bbox 766 2897 797 2957; x_wconf 91' lang='lat' dir='ltr'>in</span> <span class='ocrx_word' id='word_1_244' title='bbox 818 2916 906 2958; x_wconf 90' lang='lat' dir='ltr'>cursu</span> <span class='ocrx_word' id='word_1_245' title='bbox 927 2896 993 2974; x_wconf 93' lang='lat' dir='ltr'>ipso</span> <span class='ocrx_word' id='word_1_246' title='bbox 1013 2897 1156 2964; x_wconf 88' lang='lat' dir='ltr'>orationis</span> 
     </span>
     <span class='ocr_line' id='line_1_29' title="bbox 146 2994 1157 3074; baseline 0.002 -19"><span class='ocrx_word' id='word_1_247' title='bbox 146 2995 360 3056; x_wconf 90' lang='lat' dir='ltr'>declinationes</span> <span class='ocrx_word' id='word_1_248' title='bbox 375 2997 414 3056; x_wconf 89' lang='lat' dir='ltr'>ad</span> <span class='ocrx_word' id='word_1_249' title='bbox 428 2994 673 3073; x_wconf 88' lang='lat' dir='ltr'>amplificandum</span> <span class='ocrx_word' id='word_1_250' title='bbox 688 2997 805 3068; x_wconf 87' lang='lat' dir='ltr'>dantur,</span> <span class='ocrx_word' id='word_1_251' title='bbox 821 2996 997 3055; x_wconf 87' lang='lat' dir='ltr'>confirmata</span> <span class='ocrx_word' id='word_1_252' title='bbox 1011 3016 1042 3056; x_wconf 92' lang='lat' dir='ltr'>re</span> <span class='ocrx_word' id='word_1_253' title='bbox 1055 2996 1157 3074; x_wconf 90' lang='lat' dir='ltr'>aliqua</span> 
     </span>
     <span class='ocr_line' id='line_1_30' title="bbox 101 3092 1156 3172; baseline -0.003 -15"><span class='ocrx_word' id='word_1_254' title='bbox 101 3106 131 3157; x_wconf 75' lang='lat'>53·</span> <span class='ocrx_word' id='word_1_255' title='bbox 144 3105 196 3153; x_wconf 89' lang='lat' dir='ltr'>aut</span> <span class='ocrx_word' id='word_1_256' title='bbox 220 3095 406 3172; x_wconf 88' lang='lat' dir='ltr'>reprehensa.</span> <span class='ocrx_word' id='word_1_257' title='bbox 450 3097 505 3153; x_wconf 87' lang='lat' dir='ltr'>Est</span> <span class='ocrx_word' id='word_1_258' title='bbox 529 3092 617 3171; x_wconf 90' lang='lat' dir='ltr'>igitur</span> <span class='ocrx_word' id='word_1_259' title='bbox 643 3093 836 3171; x_wconf 87' lang='lat' dir='ltr'>amplificatio</span> <span class='ocrx_word' id='word_1_260' title='bbox 863 3092 978 3171; x_wconf 91' lang='lat' dir='ltr'>gravior</span> <span class='ocrx_word' id='word_1_261' title='bbox 1005 3096 1156 3171; x_wconf 88' lang='lat' dir='ltr'>quaedam</span> 
     </span>
     <span class='ocr_line' id='line_1_31' title="bbox 144 3189 1202 3268; baseline 0.002 -19"><span class='ocrx_word' id='word_1_262' title='bbox 144 3190 320 3264; x_wconf 86' lang='lat' dir='ltr'>adfirmatio,</span> <span class='ocrx_word' id='word_1_263' title='bbox 333 3210 411 3268; x_wconf 91' lang='lat' dir='ltr'>quae</span> <span class='ocrx_word' id='word_1_264' title='bbox 426 3201 509 3250; x_wconf 91' lang='lat' dir='ltr'>motu</span> <span class='ocrx_word' id='word_1_265' title='bbox 524 3189 692 3251; x_wconf 88' lang='lat' dir='ltr'>animorum</span> <span class='ocrx_word' id='word_1_266' title='bbox 707 3191 847 3252; x_wconf 91' lang='lat' dir='ltr'>conciliet</span> <span class='ocrx_word' id='word_1_267' title='bbox 861 3190 892 3250; x_wconf 92' lang='lat' dir='ltr'>in</span> <span class='ocrx_word' id='word_1_268' title='bbox 907 3190 1039 3252; x_wconf 91' lang='lat' dir='ltr'>dicendo</span> <span class='ocrx_word' id='word_1_269' title='bbox 1053 3192 1154 3252; x_wconf 90' lang='lat' dir='ltr'>fidem.</span> <span class='ocrx_word' id='word_1_270' title='bbox 1171 3217 1202 3266; x_wconf 79' lang='lat'>30</span> 
     </span>
     <span class='ocr_line' id='line_1_32' title="bbox 78 3287 1158 3368; baseline 0.002 -20"><span class='ocrx_word' id='word_1_271' title='bbox 78 3307 80 3311; x_wconf 72' lang='grc'>’</span> <span class='ocrx_word' id='word_1_272' title='bbox 146 3292 190 3348; x_wconf 88' lang='lat' dir='ltr'>Ea</span> <span class='ocrx_word' id='word_1_273' title='bbox 218 3301 247 3348; x_wconf 92' lang='lat' dir='ltr'>et</span> <span class='ocrx_word' id='word_1_274' title='bbox 270 3289 428 3349; x_wconf 91' lang='lat' dir='ltr'>verborum</span> <span class='ocrx_word' id='word_1_275' title='bbox 456 3309 564 3366; x_wconf 82' lang='lat' dir='ltr'>genere</span> <span class='ocrx_word' id='word_1_276' title='bbox 592 3287 749 3350; x_wconf 88' lang='lat' dir='ltr'>conficitur</span> <span class='ocrx_word' id='word_1_277' title='bbox 777 3299 807 3350; x_wconf 92' lang='lat' dir='ltr'>et</span> <span class='ocrx_word' id='word_1_278' title='bbox 830 3309 937 3350; x_wconf 87' lang='lat' dir='ltr'>rerum.</span> <span class='ocrx_word' id='word_1_279' title='bbox 980 3289 1081 3349; x_wconf 89' lang='lat' dir='ltr'>Verba</span> <span class='ocrx_word' id='word_1_280' title='bbox 1106 3309 1158 3368; x_wconf 83' lang='lat' dir='ltr'>po</span> 
     </span>
    </p>
   </div>
   <div class='ocr_carea' id='block_1_3' title="bbox 141 3444 1158 3627">
    <p class='ocr_par' dir='ltr' id='par_1_3' title="bbox 141 3444 1158 3627">
     <span class='ocr_line' id='line_1_33' title="bbox 176 3444 1157 3508; baseline 0.001 -13"><span class='ocrx_word' id='word_1_281' title='bbox 176 3461 192 3507; x_wconf 84' lang='lat'><strong>3</strong></span> <span class='ocrx_word' id='word_1_282' title='bbox 209 3446 232 3495; x_wconf 93' lang='lat' dir='ltr'>si</span> <span class='ocrx_word' id='word_1_283' title='bbox 243 3447 300 3508; x_wconf 87' lang='lat' dir='ltr'>quis</span> <span class='ocrx_word' id='word_1_284' title='bbox 316 3445 354 3494; x_wconf 86' lang='lat' dir='ltr'>P:</span> <span class='ocrx_word' id='word_1_285' title='bbox 372 3445 465 3508; x_wconf 93' lang='lat' dir='ltr'>quibus</span> <span class='ocrx_word' id='word_1_286' title='bbox 482 3445 550 3508; x_wconf 83' lang='lat' dir='ltr'>vulg.</span> <span class='ocrx_word' id='word_1_287' title='bbox 670 3461 697 3494; x_wconf 89' lang='lat'>11</span> <span class='ocrx_word' id='word_1_288' title='bbox 717 3446 858 3494; x_wconf 85' lang='lat' dir='ltr'>inficiando</span> <span class='ocrx_word' id='word_1_289' title='bbox 876 3444 916 3494; x_wconf 86' lang='lat' dir='ltr'>P:</span> <span class='ocrx_word' id='word_1_290' title='bbox 934 3444 1072 3494; x_wconf 83' lang='lat' dir='ltr'>inficiendo</span> <span class='ocrx_word' id='word_1_291' title='bbox 1089 3446 1157 3496; x_wconf 76' lang='lat' dir='ltr'>odd.</span> 
     </span>
     <span class='ocr_line' id='line_1_34' title="bbox 142 3509 1158 3574; baseline 0.002 -15"><span class='ocrx_word' id='word_1_292' title='bbox 142 3511 213 3559; x_wconf 77' lang='lat' dir='ltr'>dett:</span> <span class='ocrx_word' id='word_1_293' title='bbox 243 3512 352 3561; x_wconf 86' lang='lat' dir='ltr'>dicendo</span> <span class='ocrx_word' id='word_1_294' title='bbox 379 3512 471 3559; x_wconf 77' lang='lat' dir='ltr'>maluit</span> <span class='ocrx_word' id='word_1_295' title='bbox 496 3509 617 3560; x_wconf 71' lang='lat' dir='ltr'>Friedrich</span> <span class='ocrx_word' id='word_1_296' title='bbox 731 3527 764 3571; x_wconf 76' lang='lat'>24</span> <span class='ocrx_word' id='word_1_297' title='bbox 788 3511 885 3559; x_wconf 83' lang='lat' dir='ltr'>facilior</span> <span class='ocrx_word' id='word_1_298' title='bbox 906 3511 991 3574; x_wconf 49' lang='lat' dir='ltr'>artiga</span> <span class='ocrx_word' id='word_1_299' title='bbox 1020 3510 1095 3561; x_wconf 75' lang='lat' dir='ltr'>facile</span> <span class='ocrx_word' id='word_1_300' title='bbox 1117 3511 1158 3561; x_wconf 86' lang='lat' dir='ltr'>P:</span> 
     </span>
     <span class='ocr_line' id='line_1_35' title="bbox 141 3576 395 3627; baseline 0.004 -3"><span class='ocrx_word' id='word_1_301' title='bbox 141 3577 224 3627; x_wconf 77' lang='lat' dir='ltr'>facilis</span> <span class='ocrx_word' id='word_1_302' title='bbox 235 3576 271 3626; x_wconf 79' lang='lat' dir='ltr'>ed.</span> <span class='ocrx_word' id='word_1_303' title='bbox 283 3576 395 3626; x_wconf 68' lang='lat' dir='ltr'>Nomai.</span> 
     </span>
    </p>
   </div>
   <div class='ocr_carea' id='block_1_4' title="bbox 0 0 1298 4178">
    <p class='ocr_par' dir='ltr' id='par_1_4' title="bbox 0 0 1298 4178">
     <span class='ocr_line' id='line_1_36' title="bbox 0 0 1298 4178; baseline 0 0"><span class='ocrx_word' id='word_1_304' title='bbox 0 0 1298 4178; x_wconf 95' lang='lat' dir='ltr'> </span> 
     </span>
    </p>
   </div>
  </div>
 </body>
</html>
