2588 4178
359 205 648 267 PARTITIONES
676 206 929 270 ORATORIAE
1102 225 1145 286 29
1160 234 1208 286 ¹03

141 379 189 429 tur
198 391 207 445 ς
228 389 411 449 quamquam
431 390 493 432 non
512 391 548 432 ea
567 370 659 451 magis
677 391 755 450 quae
773 385 877 434 contra
898 373 1026 436 rationes
1045 376 1146 437 defen-

140 466 234 528 sionis
254 468 428 529 adleruntur
440 489 532 548 quam
548 468 631 546 ipsae
642 469 824 531 defensionis
838 471 968 533 rationes
988 473 1146 535 continent

140 583 254 624 causas.
298 566 359 627 Sed
379 565 582 644 distinguendi
595 566 689 644 gratia
702 567 849 629 rationem
862 572 1048 647 appellemus
1066 590 1142 645 eam,

140 681 219 739 quae
239 665 372 723 adfertur
397 682 416 723 a
443 683 494 724 reo
521 666 562 724 ad
583 667 783 726 recusandum
812 667 983 745 depellendi
1010 667 1143 730 criminis

111 783 125 832 5
138 778 238 834 causa,
254 780 331 837 quae
345 759 401 821 nisi
416 772 502 834 esset,
518 761 592 839 quid
606 763 780 824 defenderet
799 776 864 824 non'
880 765 1023 840 haberet3
1047 768 1143 826 firma-

139 868 275 917 mentum
299 869 408 931 autem‚
434 860 517 935 quod
541 870 645 920 contra
668 863 709 921 ad
731 861 970 922 labefactandam
994 861 1139 924 rationem

137 956 268 1029 refertur,
283 953 349 1015 sine
369 975 430 1033 quo
450 954 601 1016 accusatio
622 968 699 1017 stare
720 977 781 1017 non
803 970 912 1036 posset.
956 961 1002 1018 Ex
1018 959 1139 1020 rationis

109 1069 111 1071 ’
136 1063 238 1112 autem
266 1063 297 1113 et
324 1072 360 1113 ex
387 1052 566 1113 firmamenti
598 1053 790 1115 conflictione
817 1067 847 1116 et
874 1056 960 1134 quasi
992 1076 1140 1119 concursu

136 1148 273 1226 quaestio
301 1152 450 1227 quaedam
477 1150 614 1224 exoritur,
643 1171 734 1230 quam
767 1152 1015 1230 disceptationem
1042 1175 1119 1216 voco
1130 1177 1139 1230 ;

92 1274 123 1312 ιο
135 1246 168 1307 in
196 1267 257 1324 qua
283 1247 357 1325 quid
384 1247 483 1308 veniat
510 1247 541 1307 in
572 1247 717 1309 iudicium
745 1261 775 1310 et
802 1252 841 1311 de
868 1270 930 1328 quo
957 1250 1140 1329 disceptetur

135 1344 239 1422 quaeri
252 1347 336 1406 solet.
380 1347 460 1406 Nam
473 1344 569 1422 prima
581 1345 817 1407 adversariorum
830 1348 985 1408 contentio
999 1348 1137 1410 diffusam

134 1442 227 1502 habet
248 1441 463 1520 quaestionem,
485 1454 520 1503 ut
539 1441 570 1502 in
591 1442 781 1505 coniectura:
813 1445 973 1522 Ceperitne
994 1447 1137 1523 pecunias

135 1540 248 1601 Decius
257 1563 266 1616 ;
287 1540 319 1600 in
336 1540 528 1602 definitione:
554 1540 737 1603 Minueritne
758 1541 942 1604 maiestatem
957 1545 1119 1605 Norbanus
1129 1568 1137 1620 ;

134 1637 355 1716 inaequitate:
378 1640 486 1699 Iurene
505 1638 647 1699 occiderit
662 1639 800 1717 Opimius
815 1643 993 1711 Gracchum.
1038 1644 1135 1719 Haec,

89 1763 98 1798 ι
105 1763 121 1815 5
134 1755 213 1814 quae
239 1735 366 1814 primam
390 1735 615 1796 contentionem
639 1738 752 1798 liabent
776 1758 812 1798 ex
834 1741 988 1816 arguendo
1016 1751 1045 1800 et
1069 1740 1137 1801 resi-

133 1835 251 1906 stendo,
267 1835 334 1906 lata,
350 1843 384 1893 ut
402 1832 472 1908 dixi,
486 1844 517 1894 et
534 1835 600 1893 fusa
616 1845 693 1894 sunt.
737 1834 901 1896 Rationum
921 1849 951 1898 et
969 1839 1136 1899 firmamen-

132 1943 232 1992 torum
250 1930 405 1992 contentio
422 1931 547 1991 adducit
565 1930 597 1991 in
614 1942 773 2009 angustum
789 1933 1045 2011 disceptationem.
1089 1938 1135 1996 Ea

131 2028 164 2088 in
191 2028 363 2089 coniectura
392 2031 474 2088 nulla
501 2039 554 2088 est.
599 2030 699 2090 Nemo
734 2029 815 2090 enim
842 2029 906 2091 eius
934 2033 1017 2109 quod
1045 2045 1134 2110 negat

130 2127 243 2187 factum
258 2111 425 2204 potestant
444 2126 535 2187 debet
555 2138 608 2187 aut
632 2129 707 2190 solet
730 2128 854 2187 reddere
878 2127 1031 2188 rationem.
1076 2131 1134 2189 Ita-

84 2256 119 2293 20
131 2243 191 2301 que
211 2224 242 2283 in
264 2223 310 2283 his
331 2222 428 2284 causis
449 2226 556 2284 eadem
578 2235 609 2284 et
632 2223 728 2301 prima
749 2224 884 2302 quaestio
905 2236 936 2285 et
956 2224 1132 2303 disceptatio

129 2332 261 2381 extrema
280 2333 334 2382 est.
378 2323 415 2380 In
436 2320 493 2381 illis
513 2333 622 2396 autern,
639 2320 691 2381 ubi
711 2320 753 2381 ita
773 2320 900 2382 dicitur:
932 2324 1003 2382 Non
1025 2322 1132 2385 minuit
1146 2345 1192 2399 ¹⁰⁵

129 2419 315 2480 maiestatem
342 2421 426 2496 quod
452 2418 513 2496 egit
540 2419 579 2480 de
604 2418 757 2496 Caepione
781 2419 979 2481 turbulentius
990 2442 999 2495 ;
1023 2421 1131 2499 ‘populi

128 2515 209 2577 enim
232 2518 319 2577 dolor
341 2515 436 2576 iustus
459 2513 532 2597 [vim
555 2527 625 2576 tum
643 2515 724 2576 illam
752 2515 910 2599 excitavit]‚
935 2538 997 2578 non
1019 2519 1130 2580 tribuni

127 2614 226 2689 aetio;
256 2613 394 2675 maiestas
415 2625 525 2687 autem,
551 2612 694 2692 quoniam
717 2625 762 2674 est
784 2614 959 2692 magnitudo
980 2619 1129 2693 quaedam

83 2745 114 2796 25
128 2711 232 2789 populi
254 2710 386 2772 Romani
407 2710 439 2770 in
459 2710 523 2772 eius
547 2723 695 2789 potestate
714 2731 751 2772 ac
771 2710 834 2772 iure
856 2711 1022 2787 retinendo,
1041 2727 1130 2776 aucta

126 2809 227 2887 potius
249 2821 294 2870 est
314 2829 406 2888 quam
427 2808 602 2883 deminuta'3
630 2821 660 2870 et
681 2809 734 2870 ubi
754 2808 795 2869 ita
816 2811 955 2870 refertur:
986 2810 1128 2872 Maiestas

126 2906 223 2968 estin
244 2906 349 2984 imperi
369 2919 460 2985 atque
481 2907 512 2967 in
536 2906 667 2972 nominis
694 2907 798 2985 populi
821 2906 953 2967 Romani
974 2907 1125 2986 dignitate,

125 3025 216 3082 quam
235 3004 342 3065 minuit
355 3003 443 3082 isqui
456 3024 510 3082 per
522 3004 583 3064 vim
605 3004 803 3066 multitudinis
817 3024 879 3065 rem
892 3006 933 3064 ad
947 3005 1128 3081 seditionem

1152 930 1195 989 30

1155 1019 1203 1072 1⁰4

124 3101 260 3177 vocavit;
287 3101 406 3164 exsistet
430 3101 480 3162 illa
503 3101 698 3180 disceptatio:
728 3101 910 3163 Minueritne
931 3101 1125 3177 maiestatem,

81 3230 111 3278 30
124 3199 176 3279 qui
201 3201 353 3260 voluntate
375 3199 479 3278 populi
501 3199 633 3260 Romani
653 3219 717 3260 rem
738 3211 851 3277 gratam
871 3210 902 3259 et
921 3218 1049 3276 aequam
1073 3221 1126 3278 per

123 3297 185 3356 vim
199 3295 298 3375 egerit
342 3299 379 3356 In
400 3296 443 3357 eis
462 3308 564 3358 autem
584 3296 690 3372 causis,
706 3297 758 3358 ubi
778 3296 892 3375 aliquid
912 3309 992 3357 recte
1012 3286 1124 3358 iactum
1140 3315 1186 3366 10⁶

122 3406 175 3455 aut
198 3394 428 3455 concedendum
452 3414 518 3456 esse
539 3391 677 3477 [lactum]
699 3394 875 3469 defenditur,
898 3414 967 3454 cum
989 3406 1033 3455 est
1053 3397 1124 3457 facti

156 3568 172 3600 a
190 3551 348 3601 defensionis
359 3551 447 3615 vulga:
464 3551 629 3602 defensiones
645 3559 672 3602 et
688 3549 715 3600 P
826 3566 858 3614 ²3
875 3551 985 3603 vim...
1002 3553 1123 3602 excitavit

121 3634 171 3668 ona
185 3618 211 3667 P
307 3632 339 3679 32
356 3617 449 3667 lactum
459 3617 520 3668 delet
528 3617 622 3667 Schrlta
