2588 4178
560 190 719 257 TOPICA
1098 195 1135 256 16
1150 202 1182 269 63

135 354 255 433 stantia,
268 355 300 418 in
312 356 378 419 aliis
391 377 454 420 non
468 357 553 420 inest
598 361 635 420 In
649 368 753 419 natura
767 369 797 419 et
816 354 873 440 [in]
892 370 955 420 arte
968 359 1135 421 constantia

136 463 191 528 est,
214 453 246 516 in
269 455 375 517 ceteris
399 457 488 518 nulla
542 457 602 518 Sed
627 468 728 517 tamen
752 476 854 517 earum
877 476 1033 519 causarum
1057 477 1135 536 quae
1148 475 1181 535 17

135 571 201 617 non
227 565 297 615 sunt
323 565 496 617 constantes
522 555 598 617 aliee
625 566 695 617 sunt
722 554 906 634 perspicuae,
930 555 1005 618 aliae
1033 557 1132 617 latent.

135 651 315 731 Perspicuae
347 665 417 714 sunt
451 674 528 733 quae
560 653 776 732 appetitionem
808 652 901 715 animi
932 652 1136 733 iudiciumque

104 755 117 806 6
134 758 264 827 tangunt
272 771 282 825 ς
301 753 396 813 latent
413 771 491 829 quae
509 750 661 813 subiectae
680 761 750 811 sunt
768 752 912 812 fortunae.
956 751 1035 814 Cum
1055 750 1135 813 enim

134 845 212 908 nihil
239 847 304 910 sine
330 869 421 911 causa
449 851 508 924 frat,
543 850 602 912 hoc
632 848 730 928 ipsum
759 859 804 911 est
830 850 967 909 {ortunae
993 859 1137 923 eventus,

133 945 264 1008 obscura
286 965 377 1009 causa
400 958 431 1010 et
453 949 579 1010 latenter
602 947 735 1010 efficitur.
779 945 878 1008 Etiam
903 965 1036 1024 eaquae
1061 945 1137 1006 fiunt

122 1043 243 1124 'partim
270 1055 340 1106 sunt
369 1044 504 1125 ignorata
534 1044 641 1123 partim
669 1043 854 1120 voluntaria,
887 1043 1028 1122 ignorata,
1057 1063 1136 1121 quae

132 1141 312 1206 necessitate
330 1145 435 1206 effecta
453 1156 523 1206 sunt
533 1166 542 1219 3
565 1143 741 1220 voluntaria,
759 1163 837 1221 quae
856 1141 990 1204 consilio.
1035 1139 1136 1225 [Quae
1148 1149 1182 1214 ⁶4

86 1247 236 1298 roautem
258 1239 385 1312 fortuna,
407 1241 454 1300 vel
477 1238 612 1318 ignorata
635 1241 681 1301 vel
705 1233 894 1318 voluntaria]
936 1237 1016 1298 Nam
1040 1236 1136 1301 iacere

133 1336 229 1396 telum
253 1337 413 1398 voluntatis
437 1348 491 1412 est,
516 1337 602 1400 ferire
629 1357 720 1414 quem
744 1334 874 1397 nolueris
901 1336 1046 1397 fortunae.
1090 1337 1136 1398 Ex

133 1451 197 1510 quo
217 1451 311 1495 aures
331 1452 494 1496 svarcravn
516 1435 566 1498 ille
586 1435 618 1496 in
638 1434 742 1496 vestris
763 1433 949 1495 actionibus:
977 1451 1004 1494 s1
1028 1451 1134 1495 natvm

136 1547 229 1591 manv
249 1549 342 1594 rvorr
360 1551 457 1594 unors
472 1551 561 1605 ovnn
580 1551 673 1595 ruera.
717 1534 839 1596 Cadunt
859 1530 949 1592 etiam
971 1530 1002 1591 in
1022 1530 1135 1610 ignora-

132 1627 248 1690 tionem
275 1641 366 1709 atque
392 1630 624 1711 imprudentiam
649 1630 885 1710 perturbationes
912 1628 1005 1690 animi
1015 1650 1024 1703 ;
1057 1649 1135 1707 quae

86 1737 116 1788 ¹5
133 1745 319 1806 quamquam
336 1740 405 1790 sunt
419 1728 849 1808 voluntariae—obiurgatione
863 1725 944 1789 enim
964 1739 993 1788 et
1011 1727 1136 1788 admon·

133 1824 227 1887 itione
248 1824 558 1889 deiciuntur-tamen
576 1828 689 1889 habent
707 1835 807 1901 tantos
825 1835 934 1898 motus,
949 1835 982 1885 ut
1001 1843 1037 1892 ea
1058 1843 1134 1902 quae

133 1923 300 1985 voluntaria
320 1935 390 1985 sunt
408 1914 644 1987 aut‘necessaria
664 1925 814 1986 interdum
833 1935 885 1985 aut
903 1933 983 1984 certe
1002 1921 1135 2001 ignorata

130 2019 300 2082 'videantur
328 2023 424 2084 ,Toto
443 2021 531 2101 igitur
548 2026 617 2085 loco
631 2043 786 2084 causarum
806 2022 964 2100 explicato,
977 2040 1012 2082 ex
1032 2039 1133 2081 earum
1147 2026 1179 2092 65

133 2115 300 2181 differentia
331 2120 363 2180 in
395 2119 510 2199 magnis
542 2122 665 2200 quidem
697 2120 795 2181 causis
826 2120 873 2181 vel
905 2130 1056 2181 oratorum
1086 2119 1133 2179 vel

84 2234 119 2272 ro
132 2215 381 2296 philosophorum
409 2239 517 2297 magna
539 2230 781 2298 argumentorum
807 2216 940 2296 suppetit
963 2216 1050 2294 copia
1060 2239 1069 2291 ;
1102 2216 1133 2277 in

132 2314 237 2377 vestris
255 2327 362 2381 autem,
375 2316 400 2377 si
416 2337 479 2378 non
494 2307 624 2393 uberior,
638 2329 670 2379 at
688 2320 812 2389 fortasse
830 2313 974 2377 subtilior.
1018 2314 1135 2376 Privata

131 2412 214 2474 enim
228 2412 339 2474 iudicia
353 2414 547 2476 maximarum
559 2415 681 2495 quidem
696 2435 794 2484 rerum
805 2414 840 2478 in¹
848 2412 919 2474 iuris
928 2414 1134 2476 consultorum

133 2508 208 2569 mihi
227 2510 366 2573 videntur
386 2531 452 2574 esse
472 2514 637 2594 prudentia
682 2515 762 2574 Nam
782 2522 812 2572 et
830 2512 940 2572 adsunt
959 2511 1086 2572 multum
1104 2521 1134 2571 et

131 2605 312 2668 adhibentur
336 2608 367 2668 in
392 2609 516 2671 consilia
539 2623 569 2672 et
593 2609 726 2690 patronis
749 2608 942 2687 diligentibus
966 2609 1006 2668 ad
1030 2627 1133 2668 eorum

86 2722 118 2774 ²⁵
131 2704 322 2782 prudentiam
341 2707 582 2785 confugientibus
601 2710 701 2768 hastas
720 2706 896 2784 ministrant
940 2707 977 2765 In
992 2704 1133 2766 omnibus
1146 2710 1179 2763 66

130 2799 219 2879 igitur
238 2801 281 2864 eis
297 2802 427 2879 iudiciis,
441 2803 472 2865 in
487 2805 598 2882 quibus
613 2823 656 2867 nx
672 2823 746 2866 rma
762 2822 846 2867 sonu
860 2813 905 2864 est
918 2801 1067 2877 additum,
1081 2801 1132 2863 ubi

130 2895 227 2980 [vero]
255 2899 346 2961 etiam
371 2919 412 2961 vr
439 2919 537 2962 uerna
562 2920 663 2963 nouos
692 2920 775 2962 sans
803 2919 900 2962 tonsu
928 2917 1074 2963 oronrur
1101 2899 1133 2960 in

130 2995 294 3076 primisque
318 2997 349 3068 in
373 2998 495 3062 arbitrio
519 3000 560 3061 rei
585 2999 718 3072 uxoriae,
739 2999 771 3058 in
795 3018 857 3076 quo
881 3008 926 3058 est
949 3015 1036 3069 Qvon
1062 3015 1132 3059 ervs

130 3111 265 3165 anovrvs
279 3113 405 3170 uamvs,
415 3097 509 3175 parati
524 3096 566 3158 eis
580 3117 646 3160 esse
661 3100 782 3160 debent.
827 3096 876 3158 Illi
890 3098 993 3157 dolum
1009 3098 1132 3173 malum,

84 3209 115 3258 30
129 3190 173 3252 illi
188 3192 279 3252 fidem
292 3192 416 3269 bonam,
427 3193 469 3254 ilii
483 3214 613 3274 aequum
628 3196 751 3268 bonum,
764 3193 806 3254 illi
821 3193 895 3271 quid
909 3193 1024 3254 socium
1039 3193 1130 3267 socio,

129 3286 204 3366 quid
224 3307 293 3350 eum
313 3289 364 3367 qui
390 3290 510 3368 negotia
530 3292 627 3354 aliena
650 3302 782 3353 curasset
802 3285 838 3352 ei'
851 3289 936 3354 cuius
955 3310 991 3351 ea
1013 3290 1133 3368 negotia

129 3384 264 3462 fuissent,
286 3385 360 3467 quid
381 3408 449 3451 eum
474 3387 526 3468 qui
547 3391 727 3464 mandasset,
754 3408 861 3452 eurnve
884 3387 932 3450 cui
955 3390 1131 3462 mandatum

162 3555 175 3588 1
193 3540 219 3588 in
236 3556 287 3590 om.
306 3539 367 3591 obl.
500 3544 517 3592 6
534 3543 644 3602 fortuna,
656 3551 766 3593 'eventus
784 3542 845 3605 qui.
862 3579 867 3591 .
882 3578 888 3591 .
904 3542 1014 3592 efficitur
1026 3541 1132 3607 Madvig

128 3620 153 3670 9,
166 3620 197 3654 ro
213 3604 306 3666 Quae.
320 3643 328 3658 .
343 3642 350 3658 .
363 3607 507 3658 voluntaria
518 3607 564 3658 del.
576 3605 670 3659 schim
768 3625 799 3672 ²7
817 3623 878 3658 vero
890 3623 940 3656 om.
955 3607 1023 3671 Οιίςί

164 3699 213 3738 cre.
226 3699 322 3736 rorrca
431 3749 433 3753 Ι
1044 3690 1075 3738 17
