2588 4178
156 218 189 276 13
203 227 234 276 50
480 203 522 260 M.
545 202 673 261 TVLLI
695 201 927 262 CICERONIS

202 372 322 430 dulcem
337 370 420 429 illum
435 369 557 446 quidem
572 368 661 428 tradit
676 371 837 441 Homerus,
853 371 906 429 sed
926 388 1021 446 pauca
1038 368 1197 430 dicentem.

202 467 336 528 Brevitas
357 479 457 527 autem
478 470 542 527 laus
563 478 608 527 est
629 466 778 527 interdum
796 465 827 525 in
845 465 945 543 aliqua
965 478 1047 542 parte
1068 467 1198 539 dicendi,

159 592 187 642 51
203 565 233 624 in
255 565 391 626 universa
412 565 582 642 eloquentia
602 566 722 625 laudem
744 564 925 624 nonhabet.
969 567 1009 623 At
1029 585 1098 624 vero
1119 576 1200 624 extra

203 663 360 724 Graeciam
385 682 493 739 magna
520 662 642 722 dicendi
664 662 763 722 studia
784 664 903 722 fuerunt
927 662 1108 739 maximique
1129 661 1199 722 huic

203 761 285 821 laudi
299 760 392 820 habiti
409 760 680 846 honoresinlustre
695 772 844 820 oratorum
865 780 976 820 nomen
996 761 1197 821 reddiderunt.
1215 770 1227 820 5

205 862 284 919 Nam
305 862 451 922 utsemel
472 879 489 919 e
511 859 615 919 Piraeo
634 860 805 937 eloquentia
824 873 927 921 evecta
947 872 1000 933 est,
1020 859 1118 920 omnis
1137 879 1201 935 per-

204 957 314 1033 agravit
337 956 447 1016 insulas
474 968 565 1034 atque
589 957 630 1016 ita
653 957 837 1035 peregrinata
858 969 920 1018 tota
941 958 1013 1017 Asia
1037 969 1090 1029 est,
1114 968 1147 1015 ut
1168 976 1200 1015 se

205 1053 332 1114 extemis
357 1053 502 1114 oblineret
527 1055 659 1114 moribus
684 1075 866 1131 omnemque
894 1055 974 1114 illam
998 1054 1200 1115 salubritatem

205 1151 323 1211 Atticae
338 1146 477 1212 dictionis
492 1163 521 1212 et
535 1152 620 1229 quasi
635 1153 791 1212 sanitatem
809 1155 945 1230 perderet
959 1175 994 1213 ac
1009 1152 1090 1230 loqui
1105 1171 1200 1228 paene

206 1249 380 1310 dedisceret.
425 1249 508 1309 Hinc
523 1249 646 1310 Asiatici
667 1262 798 1310 oratores
820 1272 881 1311 non
904 1250 1117 1311 contemnendi
1138 1248 1248 1325 qui-10

206 1349 277 1406 dem
300 1368 355 1408 nec
378 1348 527 1408 celeritate
550 1369 605 1408 nec
628 1349 723 1425 copia,
744 1351 797 1408 sed
820 1368 923 1425 parum
947 1348 1038 1425 pressi
1060 1359 1089 1407 et
1112 1346 1201 1406 nimis

162 1469 192 1518 5²
207 1447 427 1519 redundantes;
449 1445 562 1505 Rhodii
575 1445 706 1506 saniores
721 1458 750 1505 et
765 1446 931 1506 Atticorum
948 1445 1111 1505 similiores.
1142 1445 1202 1504 Sed

207 1544 245 1602 de
261 1542 381 1602 Graecis
396 1545 558 1617 hactenus;
579 1542 690 1602 etenim
707 1545 781 1602 haec
796 1543 860 1621 ipsa
878 1543 999 1603 forsitan
1014 1542 1122 1603 fuerint
1139 1563 1201 1602 non

206 1639 377 1699 necessaria.

247 1740 326 1796 Tum
347 1741 473 1798 Brutus:
496 1740 557 1799 Ista
577 1760 656 1812 vero,
677 1738 781 1817 inquit,
797 1759 888 1816 quam
908 1739 1074 1812 necessaria
1094 1737 1203 1798 suerint
1220 1750 1248 1798 Ι5

207 1855 268 1894 non
279 1836 364 1896 facile
375 1836 517 1909 dixerim3
538 1836 669 1896 iucunda
679 1847 759 1896 certe
773 1836 846 1894 mihi
861 1838 979 1896 fuerunt
993 1857 1091 1913 neque
1106 1839 1203 1895 solum

208 1954 269 1993 non
291 1937 387 2011 longa,
404 1936 457 1994 sed
478 1934 567 1993 etiam
590 1934 724 1994 breviora
745 1954 834 2011 quam
854 1936 969 1997 vellem.
1014 1932 1144 2010 Optime,
1161 1933 1203 1992 in-

208 2051 307 2107 quam,
324 2034 377 2092 sed
391 2032 544 2092 veniamus
559 2034 598 2092 ad
613 2044 737 2105 nostros,
754 2034 793 2091 de
807 2032 916 2108 quibus
936 2031 1055 2092 difficile
1075 2043 1119 2091 est
1136 2033 1203 2108 plus

160 2181 195 2240 14
208 2128 377 2206 intellegere
398 2150 488 2206 quam
510 2141 655 2207 quantum
677 2151 713 2190 ex
734 2129 936 2189 monumentis
962 2128 1103 2205 suspicari
1125 2128 1202 2187 licet.

163 2273 195 2324 53
211 2226 286 2301 Quis
300 2227 381 2286 enim
400 2239 484 2305 putet
502 2239 553 2287 aut
570 2227 750 2287 celeritatem
770 2227 870 2305 ingeni
885 2230 917 2287 L.
936 2231 1028 2286 Bruto
1043 2226 1084 2285 illi
1099 2225 1204 2285 nobili·
1220 2242 1251 2277 20

210 2323 277 2382 tatis
292 2336 411 2383 vestrae
432 2324 558 2402 principi
578 2325 730 2385 defuisse?
760 2325 811 2402 qui
833 2326 871 2384 de
892 2337 985 2384 matre
1006 2324 1148 2383 savianda
1168 2342 1205 2382 ex

210 2424 330 2481 oraculo
358 2420 517 2498 Apollinis
541 2433 601 2480 tam
636 2434 723 2481 acute
750 2433 912 2499 arguteque
940 2421 1118 2494 coniecerit;
1153 2419 1205 2498 qui

211 2539 358 2578 summam
387 2518 574 2595 prudentiam
608 2518 797 2579 simulatione
829 2519 969 2579 stultitiae
997 2517 1118 2591 texerit;
1154 2517 1206 2594 qui

210 2615 449 2693 potentissimum
472 2636 569 2693 regem
591 2616 745 2675 clarissimi
765 2615 840 2692 regis
860 2616 953 2674 lilium
974 2614 1117 2692 expulerit
1138 2614 1207 2674 civi-

210 2724 361 2790 tatemque
376 2724 519 2789 perpetuo
531 2713 687 2772 dominatu
701 2713 854 2773 liberatam
869 2713 1087 2790 magistratibus
1097 2712 1205 2772 annuis
1221 2731 1233 2766 2
1237 2732 1251 2780 5

211 2811 324 2888 legibus
344 2810 521 2886 iudiciisque
540 2810 703 2869 devinxerit
713 2832 721 2884 3
742 2810 793 2886 qui
813 2812 954 2887 conlegae
973 2831 1029 2870 suo
1048 2809 1206 2887 imperium

210 2908 401 2985 abrogaverit,
415 2919 447 2966 ut
461 2928 477 2967 e
492 2906 610 2966 civitate
624 2906 727 2983 regalis
742 2907 871 2966 nominis
887 2908 1059 2967 memoriam
1072 2909 1206 2967 tolleret:

211 3008 292 3082 quod
304 3017 383 3064 certe
394 3004 469 3065 effici
484 3025 545 3063 non
559 3004 712 3080 potuisset,
723 3003 780 3063 nisi
790 3015 868 3063 esset
878 3005 1012 3067 oratione
1022 3024 1204 3081 persuasum.

167 3133 199 3183 54
211 3102 357 3162 Videmus
372 3101 443 3161 item
459 3100 561 3178 paucis
579 3101 665 3161 annis
682 3113 750 3178 post
768 3120 851 3177 reges
870 3112 998 3174 exactos,
1014 3121 1083 3161 cum
1103 3102 1207 3178 plebes

211 3220 307 3277 prope,
332 3199 425 3276 ripam
454 3198 581 3259 Anionis
609 3200 648 3258 ad
675 3198 795 3258 tertium
830 3197 987 3258 miliarium
1022 3197 1207 3258 consedisset
1222 3216 1254 3264 30

243 3356 259 3400 8
276 3354 404 3402 oblineret
415 3353 481 3414 vulg.
494 3370 499 3399 :
517 3353 645 3400 obtineret
658 3352 697 3400 0:
715 3353 846 3413 optineret
858 3351 925 3400 codd.
1056 3367 1086 3412 13
1104 3353 1208 3402 suerunt

213 3418 321 3466 GBHM
401 3435 433 3466 20
449 3425 492 3466 aut
503 3418 554 3465 secl.
568 3417 662 3465 Piderit
711 3418 808 3479 ingenii
825 3424 869 3465 aut
880 3417 1052 3477 eloquentiam
1067 3418 1210 3467 Lambinus

211 3499 243 3544 ²3
262 3484 355 3532 texerit
366 3491 411 3531 aut
422 3483 596 3543 eloquentiam
608 3483 702 3530 Schultz
766 3484 808 3544 qu'i
821 3482 854 3529 6²
866 3499 872 3529 z
889 3498 954 3544 quae
963 3482 1001 3530 F:
1018 3499 1067 3544 que
1077 3484 1111 3531 0²
1123 3490 1208 3533 vetus:

210 3564 285 3610 quem
297 3548 364 3598 codd.
432 3563 464 3609 3ο
476 3549 586 3598 Anionis
601 3547 646 3597 6²:
663 3548 772 3596 Anienis
786 3545 872 3595 01G1:
889 3549 1007 3596 Aneonis
1018 3548 1084 3597 codd.
