2588 4178
530 216 708 278 ORATOR
1080 229 1114 290 14
1129 220 1162 287 4⁶

118 381 246 443 tenuiter
265 381 441 456 disserendi,
462 383 515 443 sed
535 384 575 443 ad
595 381 713 459 copiam
735 382 886 442 rhetorum
908 381 939 440 in
960 391 1116 457 utramque

118 490 240 557 partem,
257 490 290 538 ut
306 479 439 539 ornatius
460 490 489 540 et
510 479 630 540 uberius
649 478 709 540 dici
730 489 840 557 posset,
856 478 986 539 exercuit
996 500 1004 553 3
1025 477 1117 539 idem·

117 596 177 653 que
200 576 368 637 locos—sic
389 576 469 636 enim
491 576 746 655 appellat-quasi
767 588 1009 653 argumentorum
1030 587 1116 636 notas

118 673 239 734 tradidit
253 676 334 734 unde
353 673 452 735 omnis
466 673 497 734 in
517 685 674 752 utramque
696 670 810 752 partem
830 676 993 734 traheretur
1011 671 1113 733 oratio.

88 795 102 845 5
119 771 220 831 Faciet
234 770 321 848 igitur
341 771 391 831 hic
412 784 614 832 noster-non
636 770 716 832 enim
736 773 966 832 declamatorem
985 769 1115 847 aliquem

118 870 157 928 de
171 869 244 928 ludo
257 879 309 927 aut
329 868 463 928 rabulam
483 870 522 929 de
536 870 608 943 soro,
625 870 679 928 sed
697 868 905 929 doctissimum
919 878 949 928 et
969 866 1118 944 perfectis-

118 964 226 1024 simum
246 965 464 1042 quaerimus-,
481 977 522 1038 ut,
543 965 685 1043 quoniam
705 964 763 1026 loci
782 965 854 1026 certi
871 966 1034 1038 traduntur,
1056 985 1118 1043 per-

118 1057 216 1122 currat
230 1062 338 1138 omnis,
347 1072 446 1122 utatur
459 1062 545 1140 aptis,
555 1063 717 1140 generatim
732 1063 830 1137 dicat3
851 1082 888 1122 ex
902 1082 963 1140 quo
977 1073 1118 1122 emanent
1175 1112 1177 1116 ,

119 1159 209 1220 etiam
233 1158 285 1237 qui
307 1179 484 1221 communes
511 1162 697 1237 appellantur
721 1159 787 1220 loci
832 1162 898 1220 Nec
921 1178 992 1220 vero
1019 1169 1118 1219 utetur

73 1278 106 1314 ιο
119 1256 323 1334 imprudenter
337 1258 394 1317 hac
408 1257 503 1335 copia,
519 1259 573 1318 sed
587 1256 690 1317 omnia
707 1258 856 1335 expendet
870 1268 900 1317 et
914 1256 1034 1334 seliget3
1055 1276 1117 1316 non
1156 1328 1159 1332 ,

118 1354 199 1414 enim
220 1373 337 1430 semper
356 1374 412 1414 nec
433 1354 464 1413 in
484 1354 625 1415 omnibus
645 1354 742 1414 causis
763 1374 799 1414 ex
819 1353 914 1415 isdem
935 1356 1002 1414 loa's
1020 1356 1116 1413 eadem

117 1463 359 1528 argumentorum
381 1463 534 1512 momenta
556 1463 633 1511 sunt
678 1450 828 1511 Iudicium
853 1451 940 1528 igitur
960 1449 1117 1511 adhibebit
1130 1459 1162 1520 48

119 1569 175 1609 nec
194 1547 325 1609 inveniet
346 1550 443 1609 solum
463 1547 536 1626 quid
553 1548 633 1609 dicat
650 1550 705 1609 sed·
723 1548 812 1608 etiam
833 1550 989 1625 expendet.
1032 1547 1116 1607 Nihil

118 1644 198 1705 enim
224 1656 268 1706 est
292 1645 417 1706 feracius
440 1644 574 1724 ingeniis,
597 1644 639 1705 eis
662 1645 834 1723 praesertim
855 1666 932 1723 quae
953 1644 1117 1722 disciplinis

74 1760 106 1809 15
119 1745 235 1802 exculta
248 1753 325 1802 sunt
369 1743 429 1802 Sed
443 1753 476 1801 ut
490 1753 605 1820 segetes
618 1743 765 1802 secundae
779 1753 809 1802 et
824 1743 929 1802 uberes
943 1762 1005 1802 non
1019 1743 1117 1802 solum

119 1840 216 1917 fruges
230 1859 332 1899 verum
347 1838 455 1898 herbas
469 1838 559 1899 etiam
574 1840 732 1899 effundunt
746 1838 964 1898 inimicissimas
974 1838 1115 1916 frugibus,

119 1935 161 1995 sic
189 1935 339 1996 interdum
366 1955 402 1995 ex
426 1935 483 1996 illis
507 1935 581 1996 locis
604 1947 655 1996 aut
679 1935 756 1997 levia
779 1938 927 2013 quaedam
948 1947 999 1997 aut
1020 1936 1116 1996 causis

118 2032 215 2093 aliena
228 2043 279 2092 aut
293 2053 355 2093 non
370 2031 453 2093 utilia
465 2032 632 2111 gignuntur.
666 2034 803 2108 Quorum
817 2034 856 2094 ab
868 2033 990 2094 oratoris
1004 2032 1116 2095 iudicio

119 2129 245 2190 dilectus
270 2132 331 2189 nisi
352 2149 476 2208 magnus
503 2130 701 2204 adhibebitur,
728 2150 860 2208 quonam
888 2133 981 2191 modo
1007 2131 1057 2192 ille
1084 2131 1115 2191 in
1129 2154 1161 2204 49

74 2254 107 2289 πο
119 2226 207 2287 bonis
221 2224 354 2287 haerebit
375 2238 405 2287 et
423 2227 569 2287 habitabit
588 2227 649 2287 suis
662 2238 714 2287 aut
733 2227 846 2288 rnolliet
864 2229 939 2288 dura
954 2240 1006 2288 aut
1020 2233 1117 2289 occul·

120 2323 194 2384 tabit
216 2342 293 2401 quae
313 2323 387 2383 dilui
408 2344 469 2384 non
491 2335 630 2401 poterunt
654 2336 744 2402 atque
766 2324 891 2385 omnino
914 2325 1070 2402 opprimet,
1093 2325 1117 2386 si

119 2419 228 2493 libebit,
244 2421 440 2484 autabducet
458 2419 575 2481 animos
593 2432 645 2481 aut
662 2421 745 2481 aliud
765 2423 887 2494 adferet,
904 2423 986 2499 quod
1000 2423 1118 2501 opposi-

119 2528 184 2576 tum
202 2516 385 2593 probabilius
406 2517 444 2576 sit
462 2537 552 2594 quarn
574 2517 648 2579 illud
666 2520 749 2595 quod
768 2518 921 2578 obstabit?
963 2521 1028 2579 Iam
1047 2540 1118 2581 vero
1132 2552 1164 2603 50

120 2633 255 2691 eaquae
277 2612 421 2674 invenerit
443 2634 503 2691 qua
526 2614 679 2692 diligentia
702 2615 894 2676 conlocabit?
921 2616 1063 2692 quoniam
1086 2617 1117 2678 id

75 2737 106 2787 ²5
120 2713 287 2772 secundum
315 2722 377 2772 erat
409 2713 448 2771 de
480 2711 581 2772 tribus.
638 2712 794 2772 Vestibula
821 2711 961 2772 nimirum
992 2716 1118 2776 honesta

120 2800 279 2886 aditusque
292 2810 332 2868 ad
345 2829 467 2868 causam
478 2807 566 2869 saciet
579 2808 727 2884 inlustris;
748 2829 878 2887 cumque
891 2810 1008 2870 animos
1022 2812 1118 2890 prima

118 2905 309 2983 adgressione
327 2904 524 2983 occupaverit,
542 2904 722 2966 tinfirmabit
738 2908 934 2984 excludetque
953 2909 1099 2969 contraria
1108 2932 1118 2985 3

120 3006 159 3064 de
173 3002 347 3063 firmissimis
361 3002 419 3063 alia
432 3002 528 3080 prima
540 3015 633 3080 ponet
651 3003 708 3064 alia
726 3014 877 3081 postrema
897 3003 1118 3084 inculcabitque

120 3099 238 3161 leviora.

1129 744 1162 804 ι5

1130 837 1162 888 47

163 3245 184 3287 1,
198 3244 214 3277 a
230 3229 257 3278 in
270 3235 404 3291 utramque
427 3235 527 3290 partem
546 3229 599 3276 secl.
622 3227 735 3277 Eussner
829 3243 845 3276 a
861 3236 949 3291 posset
960 3229 1118 3280 Lambinus:

122 3296 204 3356 possit
221 3293 244 3340 L
359 3294 467 3356 slaciet
484 3292 647 3343 Gulielmius:
670 3294 745 3342 facile
763 3292 786 3339 L
900 3296 1060 3346 8emanent
1077 3295 1117 3348 L:

122 3357 243 3408 emanant
255 3359 321 3422 unge.
423 3373 450 3408 11
469 3374 502 3406 ex
514 3357 644 3406 isdemL:
662 3359 725 3408 locis
737 3360 826 3407 eadem
837 3358 894 3408 add.
908 3358 1015 3422 Madvig
1087 3377 1118 3410 ra

122 3432 250 3473 momenta
261 3423 386 3473 sumenda
399 3424 490 3472 maluti
500 3422 613 3471 Eussner
709 3439 739 3487 ¹9
757 3425 804 3472 nisi
816 3423 874 3472 add.
888 3424 1048 3474 Mommsen:
1060 3433 1119 3488 past

120 3505 228 3551 quorum
241 3490 299 3538 add.
309 3488 404 3552 Stangl
500 3504 531 3550 ²7
550 3488 689 3536 infirmabit
701 3487 738 3536 L:
751 3489 832 3538 ionem
844 3491 879 3537 sic
888 3491 1028 3537 instaurari
1042 3491 1119 3539 evaluit

121 3554 229 3617 Sauppe,
255 3555 424 3618 occupaverit,
444 3561 470 3602 et
488 3554 625 3616 perspicue
648 3555 811 3615 breviterque
828 3555 978 3618 narraverit,
997 3570 1044 3603 sua
1058 3571 1118 3604 con·

121 3621 247 3670 firmabit:
264 3635 317 3668 rem
330 3626 452 3681 exponet,
468 3635 515 3668 sua
526 3619 685 3668 confirmabit
696 3619 809 3680 Kayser:
826 3621 931 3668 aliialra
1030 3621 1063 3668 aa
1079 3621 1117 3669 in·

121 3685 229 3735 culcabit
239 3685 384 3748 locabitque
396 3685 422 3732 in
435 3684 519 3734 medio
530 3684 641 3733 leviora:
657 3682 759 3746 Sandys
770 3700 820 3734 non
832 3686 898 3745 mala
