2588 4178
564 179 723 252 TOPICA
1111 191 1197 271 1⁸70

144 357 230 434 aliis3
250 377 327 437 quae
341 357 373 419 in
387 368 489 420 nostra
503 379 594 438 quam
608 378 686 438 quae
702 358 734 420 in
747 358 873 420 aliorum
893 370 1040 439 potestate
1058 372 1147 437 sunt3

145 455 265 518 stabilia
282 454 403 518 incertis
412 478 422 532 3
442 475 520 535 quae
536 456 609 537 eripi
629 477 691 518 non
710 470 836 537 possunt
854 457 897 520 eis
916 477 994 537 quae
1012 471 1145 538 possunt.

145 553 288 616 Adfectio
305 566 408 616 autem
427 556 466 617 ad
485 575 531 616 res
549 555 664 635 aliquas
681 568 727 618 est
747 555 835 618 huius
855 556 956 620 modi:
980 556 1148 637 principum

145 654 310 714 commoda
323 652 436 714 maiora
450 673 542 733 quam
555 653 736 733 reliquorum
746 676 755 730 3
776 654 909 734 itemque
923 675 1001 734 quae
1014 654 1148 717 iucundi-

113 768 130 818 5
144 769 206 824 ora,
222 770 300 829 quae
313 750 449 829 pluribus
462 749 595 830 probata,
608 772 686 831 quae
699 753 739 813 ab
752 752 868 831 optimo
882 773 1004 833 quoque
1017 755 1144 816 laudata.

145 851 248 927 Atque
267 861 300 909 ut
319 851 394 911 haec
408 848 439 910 in
454 849 677 928 comparatione
696 850 829 927 meliora,
843 850 886 913 sic
904 851 1051 913 deteriora
1068 872 1145 931 quae

145 945 273 1007 eissunt
287 947 441 1012 contraria.
475 947 595 1009 Parium
609 960 709 1009 autem
721 949 904 1027 comparatio
918 970 975 1011 nec
985 950 1145 1013 elationem
1160 975 1187 1027 7¹

143 1044 236 1105 habet
250 1064 306 1106 nec
320 1045 581 1121 summissionem3
601 1057 647 1107 est
660 1045 741 1108 enim
755 1046 896 1125 aequalis.
933 1049 1032 1109 Multa
1044 1059 1144 1113 autem

145 1153 216 1201 sunt
234 1161 312 1220 quae
330 1143 510 1222 aequalitate
528 1142 594 1222 ipsa
607 1156 819 1222 comparantur
827 1166 836 1219 3
856 1164 933 1223 quae
947 1144 989 1205 ita
1001 1136 1062 1206 sere
1076 1164 1146 1206 con-

98 1267 131 1304 ιο
144 1240 324 1301 cluduntur:
359 1239 391 1302 Si
414 1241 541 1302 consilio
568 1240 668 1303 iuvare
691 1240 771 1303 cives
795 1253 826 1304 et
853 1242 963 1304 auxilio
990 1263 1087 1323 aequa
1113 1243 1145 1304 in

144 1337 234 1398 laude
252 1340 427 1415 ponendum
447 1351 492 1401 est
494 1339 580 1418 ,pari
597 1339 690 1418 gloria
708 1340 822 1402 debent
840 1361 905 1402 esse
922 1341 950 1402 ei
968 1341 1021 1420 qui
1040 1361 1145 1403 eonsu-

144 1437 210 1497 lunt
228 1448 258 1496 et
277 1436 305 1498 ei
324 1436 376 1516 qui
393 1439 580 1514 defendunt3
603 1450 634 1499 at
652 1441 736 1549 quod
756 1438 896 1519 primum,
913 1450 976 1516 est3
997 1442 1093 1550 quod·
1102 1460 1145 1502 se·

143 1531 245 1610 quitur
264 1533 359 1612 igitur.
403 1537 538 1596 Perfecta
556 1547 601 1597 est
621 1536 719 1598 omnis
738 1549 980 1616 argumentorum
995 1536 1145 1599 invenien-

142 1631 251 1692 dorum
275 1633 453 1711 praecepti0‚
480 1645 520 1708 ut,
547 1654 616 1696 cum
644 1637 794 1714 profectus
822 1636 862 1697 sis
882 1656 900 1697 a
921 1636 1145 1713 definitione,a

99 1754 127 1804 ¹⁵
142 1729 312 1806 partitione,
335 1751 354 1792 a
377 1731 540 1806 notatione,
565 1754 584 1793 a
610 1733 783 1812 coniugatis,
806 1754 825 1794 a
847 1754 964 1812 genere,
989 1755 1008 1796 a
1031 1734 1141 1809 formis,

142 1846 161 1887 a
175 1826 378 1903 similitudine,
390 1849 409 1890 a
423 1829 598 1907 differentia,
611 1851 630 1892 a
643 1831 805 1906 contrariis,
817 1833 856 1893 ab
870 1832 1027 1907 adiunctis,
1042 1853 1061 1893 a
1075 1852 1144 1894 con-

141 1926 346 2005 sequentibus,
366 1928 405 1989 ab
426 1928 684 2005 antecedentibus,
700 1949 720 1990 a
737 1930 979 2010 repugnantibus,
999 1951 1018 1992 a
1036 1930 1141 2006 causis,

140 2026 181 2086 ab
195 2025 317 2100 effectis,
329 2045 347 2086 a
361 2026 583 2104 comparatione
598 2027 743 2088 maiorum
758 2027 908 2088 minorum
922 2027 1045 2106 parium,
1061 2031 1143 2090 nulla

141 2134 294 2201 praeterea
307 2124 394 2185 sedes
408 2123 574 2201 argumenti
582 2127 760 2235 quaerenda
773 2124 818 2186 sit.

96 2245 129 2282 ao
183 2222 244 2283 Sed
271 2221 414 2299 quoniam
438 2221 480 2282 ita
503 2242 522 2282 a
546 2218 692 2301 principio
716 2222 879 2296 divisimus,
905 2234 938 2283 ut
961 2221 1035 2283 alios
1058 2224 1141 2285 locos
1155 2205 1192 2264 ¹9

143 2318 334 2381 diceremus
326 2340 357 2383 ur
374 2339 411 2381 eo
430 2318 496 2396 ipso
515 2320 554 2382 de
573 2340 635 2398 quo
655 2319 815 2400 ambigitur
832 2321 961 2394 haerere,
977 2322 1016 2381 de
1032 2293 1186 2398 quibus⁷²

143 2416 213 2478 satis
241 2430 286 2478 est
311 2416 436 2493 dictum,
461 2417 534 2479 alios
559 2417 677 2479 adsumi
701 2417 890 2492 extrinsecus,
916 2419 956 2480 de
980 2417 1023 2479 eis
1047 2437 1143 2498 pauca

142 2514 287 2589 dicamus,
316 2515 372 2576 etsi
402 2535 438 2576 ea
465 2514 540 2576 nihil
567 2515 693 2577 omnino
719 2517 759 2576 ad
786 2527 897 2576 vestras
925 2514 1142 2593 disputationes

142 2612 310 2690 pertinent3
330 2614 384 2674 sed
403 2625 503 2675 tamen
523 2625 617 2674 totam
631 2633 697 2674 rem
708 2613 879 2688 efficiamus,
895 2612 1141 2691 quandoquidem

96 2743 127 2794 ‚5
141 2709 304 2787 coepimus.
348 2713 457 2790 Neque
476 2711 557 2773 enim
577 2723 609 2773 tu
628 2711 654 2774 is
673 2731 705 2773 es
720 2732 810 2791 quem
828 2710 902 2771 nihil
917 2708 973 2772 nisi
992 2709 1038 2771 ius
1056 2708 1143 2774 civile

140 2808 279 2883 delectet,
295 2819 324 2870 et
339 2808 482 2887 quoniam
499 2811 575 2871 haec
593 2809 635 2871 ita
652 2811 692 2872 ad
712 2823 741 2871 te
758 2809 937 2884 scribuntur,
951 2820 985 2869 ut
1000 2808 1092 2870 etiam
1110 2807 1140 2872 in

140 2905 266 2968 aliorum
278 2927 385 2969 manus
399 2906 458 2968 sint
471 2919 606 2983 ventura,
616 2909 703 2969 detur
716 2927 814 2987 opera,
827 2918 861 2968 ut
875 2927 966 2986 quarn
979 2905 1140 2987 plurimum

139 3005 183 3067 eis
204 3025 280 3082 quos
302 3017 383 3067 recta
403 3005 503 3068 studia
523 3007 673 3067 delectant
689 3007 831 3084 prodesse
852 3003 1009 3083 possimus.
1054 3007 1142 3066 Haec
1156 3017 1186 3073 73

140 3123 211 3182 ergo
229 3103 454 3181 argumentatio,
473 3122 551 3182 quae
567 3101 677 3165 dicitur
695 3101 766 3163 artis
786 3122 899 3181 expers,
919 3102 951 3162 in
969 3101 1141 3164 testimonio

94 3229 126 3280 30
139 3201 238 3280 posita
256 3212 308 3263 est.
351 3200 572 3271 Testimonium
588 3210 689 3262 autem
706 3220 788 3261 nunc
802 3200 933 3262 dicimus
953 3220 1044 3261 omne
1058 3202 1141 3279 quod

138 3301 179 3362 ab
192 3300 293 3378 aliqua
305 3320 337 3362 re
351 3312 471 3362 externa
487 3298 614 3361 sumitur
626 3300 666 3360 ad
680 3297 848 3360 faciendam
866 3300 966 3360 fidem.
1010 3301 1141 3360 Persona

139 3411 240 3460 autem
261 3419 324 3460 non
345 3397 571 3478 qualiscumque
588 3407 633 3459 est
651 3395 804 3458 testimoni
823 3398 944 3498 pondus
964 3396 1074 3472 habet3
1100 3397 1140 3458 ad

170 3562 390 3617 9comparantur
402 3551 490 3614 OLbj
507 3557 690 3614 comparentur
706 3548 774 3602 codd.
887 3564 917 3598 12
929 3545 961 3600 vut
975 3550 1044 3612 quod
1060 3547 1140 3612 Oflrsr

137 3621 208 3684 atqui
218 3620 352 3670 Boetlum
370 3626 396 3670 et
407 3618 476 3683 quod
487 3616 555 3668 codd.
973 3634 975 3639 ¹

984 3676 1076 3747 ur·
