2588 4178
565 209 724 272 TOPICA
1122 222 1141 268 a
1158 228 1171 283 7

140 378 236 452 sedes,
252 396 269 437 e
283 375 393 453 quibus
407 386 582 453 argumenta
595 387 780 454 promuntur.
815 377 921 454 ltaque
935 374 1005 436 licet
1018 373 1142 440 definire
1156 391 1171 438 u

140 479 242 537 locum
256 495 322 537 esse
336 473 504 553 argumenti
518 475 632 549 sedem,
645 485 853 551 argumentum
871 486 972 534 autem
986 473 1142 550 rationem,

140 593 219 652 quae
237 572 280 634 rei
300 572 411 635 dubiae
431 570 521 633 faciat
542 573 659 633 fidem„
686 573 746 633 Sed
763 592 800 633 ex
818 571 865 632 bis
886 571 959 633 locis
980 571 1012 632 in
1033 572 1143 651 quibus

139 683 316 749 argumenta
342 669 458 732 inclusa
490 681 568 745 sunt,
596 668 646 730 alii
679 668 710 729 in
738 689 776 731 eo
800 670 866 749 ipso
893 672 931 731 de
959 690 1021 748 quo
1047 670 1144 750 agitur

110 787 125 838 5
140 771 273 844 haerent,
289 767 340 829 alii
353 770 553 829 adsumuntur
567 767 757 829 extrinsecus.
802 770 838 828 ln
854 767 920 846 ipso
939 780 1004 828 tum
1017 788 1054 829 ex
1064 779 1140 842 toto,

141 879 206 928 turn
226 886 262 927 ex
275 865 409 944 partibus
428 866 500 940 eius,
517 877 582 926 turn
603 885 640 926 ex
660 875 819 939 notatum
841 885 877 926 ex
896 865 939 926 eis
958 867 1046 927 rebus
1065 885 1143 944 quae

141 967 274 1043 quodam
303 966 397 1026 modo
424 966 561 1026 adfectae
590 976 659 1025 sunt
691 966 731 1026 ad
759 963 791 1026 id
824 966 863 1026 de
895 984 957 1043 quo
983 964 1141 1043 quaeritur.

142 1062 335 1124 Extrinsecus
367 1074 466 1124 autern
502 1083 538 1124 ea
565 1065 716 1125 ducuntur
742 1084 820 1141 quae
852 1064 962 1124 absunt
994 1065 1143 1142 longeque

141 1158 292 1222 disiuncta
316 1172 393 1221 sunt.
437 1162 498 1222 Sed
520 1163 560 1222 ad
581 1160 613 1222 id
635 1172 731 1221 totum
755 1163 794 1222 de
818 1180 880 1238 quo
903 1160 1055 1221 disseritur
1078 1172 1172 1224 tum9

97 1279 131 1317 ro
142 1257 280 1318 definitio
303 1257 470 1332 adhibetur,
494 1278 572 1336 quae
599 1257 684 1336 quasi
713 1257 878 1318 involutum
908 1257 1017 1318 evolvit
1044 1257 1076 1318 id
1104 1260 1143 1319 de

142 1375 205 1434 quo
219 1355 370 1434 quaeritur
378 1378 388 1432 ;
408 1356 471 1417 eius
490 1356 657 1435 argumenti
677 1356 744 1416 talis
758 1367 802 1417 est
819 1357 963 1416 formula:
986 1357 1038 1416 lus
1057 1355 1143 1417 civile

141 1464 188 1514 est
212 1453 346 1532 aequitas
370 1454 533 1516 constituta
556 1454 598 1516 eis
624 1454 676 1533 qui
697 1453 831 1515 eiusdem
856 1450 983 1514 civitatis
1011 1455 1143 1515 suntad

141 1570 189 1612 res
210 1571 278 1612 suas
299 1552 480 1614 obtinendas
490 1575 499 1628 3
526 1552 590 1614 eius
610 1563 711 1613 autem
733 1550 890 1631 aequitatis
911 1550 990 1611 utilis
1012 1551 1144 1630 cognitio

141 1659 207 1725 est3
240 1649 321 1711 utilis
348 1670 419 1729 ergo
446 1662 491 1711 est
519 1649 589 1710 iuris
618 1649 711 1710 civilis
739 1649 986 1724 scientia3-tum
1014 1649 1143 1728 partium
1158 1667 1189 1704 10

97 1774 127 1824 ¹5
142 1747 336 1821 enumeratio,
353 1768 430 1826 quae
448 1760 588 1809 tractatur
602 1750 661 1808 boc
681 1750 791 1809 modo:
813 1747 843 1808 Si
862 1768 961 1826 neque
980 1768 1072 1809 censu
1087 1769 1143 1809 nec

142 1844 276 1907 vindicta
299 1866 356 1906 nec
380 1857 560 1908 testamento
583 1846 658 1907 liber
681 1848 777 1907 factus
805 1858 858 1919 est,
888 1867 950 1906 non
978 1857 1024 1907 est
1051 1845 1143 1922 liber3

142 1962 243 2021 neque
267 1945 328 2004 ulla
352 1956 398 2005 est
418 1965 520 2006 earum
545 1965 642 2006 rerum
653 1967 662 2020 ;
689 1965 751 2007 non
772 1955 817 2005 est
838 1943 926 2022 igitur
946 1944 1021 2006 liber
1029 1956 1143 2020 ;-tum

142 2040 267 2115 notatio,
283 2062 353 2103 cum
374 2063 410 2103 ex
429 2042 511 2104 verbi
530 2043 559 2103 vi
579 2054 786 2120 argumentum
807 2042 931 2121 aliquod
952 2042 1067 2103 elicitur
1085 2045 1144 2103 hoc

144 2140 258 2200 modo:
280 2141 359 2201 Cum
382 2142 430 2201 lex
453 2141 575 2202 assiduo
599 2140 750 2201 vindicem
772 2140 926 2201 assiduum
947 2160 1013 2200 esse
1033 2139 1142 2213 iubeat,

99 2261 131 2298 ro
143 2239 326 2316 locupletem
354 2237 437 2300 iubet
462 2238 622 2317 locupleti;
653 2238 678 2300 is
701 2249 746 2299 est
769 2237 850 2299 enirn
875 2237 1020 2312 assiduus,
1047 2249 1080 2297 ut
1103 2237 1144 2298 ait

143 2335 177 2395 L.
190 2334 303 2410 Aelius,
315 2339 481 2414 appellatus
494 2336 535 2397 ab
549 2357 616 2398 aere
630 2338 741 2398 dando.
786 2338 945 2396 Ducuntur
958 2335 1047 2396 etiam
1062 2356 1144 2413 argu-
1157 2303 1186 2429 ir

143 2445 245 2493 menta
264 2453 300 2494 ex
321 2433 363 2494 eis
384 2435 473 2495 rebus
494 2455 571 2513 quae
593 2436 726 2513 quodam
747 2435 840 2494 modo
860 2435 996 2494 adfectae
1015 2445 1085 2494 sunt
1103 2435 1142 2495 ad

142 2529 175 2592 id
189 2533 229 2592 de
245 2550 307 2609 quo
321 2531 480 2610 quaeritur.
523 2533 584 2594 Sed
601 2534 660 2592 hoc
678 2552 772 2611 genus
787 2531 818 2592 in
831 2531 924 2610 pluris
938 2531 1029 2610 partis
1049 2531 1144 2593 distri·

143 2629 251 2690 butum
266 2640 319 2691 est
357 2631 436 2690 Nam
450 2629 509 2690 alia
522 2629 682 2707 coniugata
695 2631 889 2707 appellamus,
904 2629 963 2690 alia
976 2650 1012 2691 ex
1026 2649 1143 2706 genere,

100 2754 130 2804 ²5
143 2725 202 2788 alia
222 2747 259 2787 ex
279 2729 382 2802 forma,
397 2726 456 2788 alia
476 2748 513 2788 ex
534 2726 736 2800 similitudine,
755 2726 813 2786 alia
833 2747 870 2787 ex
890 2726 1065 2800 differentia,
1086 2727 1143 2787 alia

143 2844 180 2885 ex
198 2824 355 2898 contrario,
371 2825 429 2886 alia
449 2846 485 2886 ex
506 2824 663 2897 adiunctis,
679 2824 737 2884 alia
757 2845 794 2885 ex
814 2824 1070 2897 antecedentibus,
1085 2823 1144 2885 alia

142 2941 179 2982 ex
203 2922 466 3008 consequentibus,
491 2922 549 2984 alia
571 2944 608 2984 ex
631 2921 874 3000 repugnantibus,
897 2920 955 2983 alia
978 2942 1014 2982 ex
1037 2922 1141 2995 causis,

142 3018 201 3082 alia
221 3040 258 3081 ex
278 3020 399 3094 effectis,
415 3020 473 3081 alia
494 3041 530 3082 ex
550 3019 773 3097 comparatione
795 3019 941 3080 maiorum
958 3031 1009 3080 aut
1028 3019 1143 3098 parium

143 3128 196 3178 aut
218 3117 376 3179 minorum.
425 3118 593 3196 Coniugata
620 3117 760 3179 dicuntur
787 3138 864 3196 quae
892 3129 962 3178 sunt
986 3138 1021 3178 ex
1046 3118 1143 3179 verbis
1160 3136 1187 3172 12

99 3243 132 3293 30
144 3215 260 3296 generis
274 3215 419 3277 eiusdem.
463 3216 607 3278 Eiusdem
626 3227 727 3277 autem
742 3215 857 3293 generis
871 3217 962 3276 verba
983 3228 1052 3276 sunt
1066 3237 1143 3294 quae

144 3325 210 3376 orta
222 3314 263 3374 ab
275 3334 338 3375 uno
352 3313 431 3376 varie
445 3326 674 3388 commutantur,
687 3325 720 3374 ut
735 3312 854 3390 sapiens
868 3312 1017 3391 sapienter
1030 3313 1144 3392 sapien-

178 3485 209 3519 ιο
225 3484 292 3532 quae
305 3470 345 3520 0:
361 3486 412 3534 qua
423 3468 490 3520 codd.
556 3469 653 3519 evolvit
666 3469 706 3519 0:
724 3468 929 3518 evolviturcodd.
1027 3485 1059 3517 ao
1075 3470 1144 3519 euim

143 3535 184 3585 0:
202 3551 252 3585 om.
269 3535 336 3586 codd.
473 3551 503 3584 ar
522 3536 613 3584 laelius
632 3533 740 3583 AadVL
816 3535 848 3583 ab
865 3550 923 3584 esse
939 3533 1016 3598 vulg,
1034 3533 1063 3595 cs:
1083 3534 1142 3585 Gell.

143 3601 295 3652 xvi.1o.16
370 3615 402 3664 2⁵
419 3601 527 3650 formula
544 3601 570 3649 A
647 3602 681 3649 26
696 3601 825 3657 adiunctis
841 3599 892 3650 Or:
910 3598 1053 3649 coniunctis
1064 3598 1132 3651 codd.

1033 3715 1079 3764 tt·
