2588 4178
336 732 388 807 M.
426 731 589 806 TVLLI
629 733 931 809 CICERONIS

528 929 743 1011 TOPICA

179 1170 329 1230 Marones
349 1189 405 1230 nos
426 1189 473 1230 res
497 1170 625 1231 scribere
646 1170 801 1247 ingressos,
825 1172 859 1232 C.
880 1168 1011 1243 Trebati,
1035 1179 1064 1230 et
1088 1128 1163 1254 his}

138 1265 229 1338 libris,
245 1285 321 1343 quos
341 1267 422 1327 brevi
439 1279 575 1346 tempore
593 1268 664 1328 satis
684 1269 793 1329 multos
812 1266 971 1340 edidimus,
985 1265 1135 1344 digniores

136 1383 154 1423 e
176 1383 264 1423 cursu
286 1363 352 1442 ipso
377 1364 526 1425 revocavit
547 1367 684 1426 voluntas
708 1377 768 1426 tua.
812 1367 891 1428 Cum
913 1363 994 1424 enim
1017 1382 1136 1423 mecum

121 1461 168 1521 *in
191 1462 364 1522 Tusculano
391 1483 472 1524 esses
500 1475 530 1524 et
557 1463 588 1523 in
616 1463 800 1525 bibliotheca
826 1462 984 1542 separatim
1011 1472 1137 1538 uterque

106 1571 274 1630 snostrum
295 1562 335 1620 ad
355 1579 443 1620 suum
468 1559 600 1621 studium
625 1560 742 1622 libellos
767 1581 842 1639 quos
866 1562 955 1622 vellet
978 1561 1137 1632 evolveret,

135 1654 268 1716 incidisti
287 1655 318 1715 in
339 1655 505 1717 Aristotelis
526 1655 642 1734 Topica
663 1660 820 1735 quaedam,
839 1677 916 1735 quae
937 1668 1006 1717 sunt
1026 1655 1065 1716 ab
1085 1656 1137 1716 illo

136 1752 271 1830 pluribus
285 1752 367 1814 libris
385 1754 539 1831 explicata
583 1756 653 1830 Qua
670 1754 863 1833 inscriptione
881 1767 1052 1815 commotus
1068 1773 1139 1814 con-

138 1851 224 1911 tinuo
245 1872 264 1911 a
288 1870 337 1911 me
359 1850 501 1912 librorum
527 1871 631 1912 eorum
654 1852 832 1913 sententiam
856 1851 1023 1929 requisisti3
1046 1867 1165 1928 quam²

137 1969 207 2009 curn
236 1947 291 2010 tibi
319 1947 530 2026 exposuissem,
561 1948 749 2028 disciplinam
781 1948 1029 2010 inveniendorum
1055 1968 1139 2025 argu·

91 2069 122 2105 ro
139 2057 318 2119 mentorum,
335 2058 368 2107 ut
382 2045 445 2107 sine
466 2049 638 2108 ulloerrore
656 2049 697 2108 ad
710 2068 747 2108 ea
765 2047 879 2108 ratione
898 2046 990 2108 etvia
1007 2045 1140 2124 perveni-

136 2163 244 2217 remus,
257 2145 297 2205 ab
307 2144 468 2206 Aristotele
482 2144 635 2206 inventam
645 2144 702 2205 illis
712 2144 795 2206 libris
804 2143 961 2218 contineri,
971 2145 1139 2205 verecunde

139 2252 171 2300 tu
199 2241 323 2319 quidem
351 2252 384 2302 ut
411 2241 521 2314 omnia,
552 2244 605 2304 sed
630 2254 731 2302 tamen
755 2240 842 2302 facile
870 2252 903 2302 ut
929 2261 1080 2302 cernerem
1110 2252 1139 2301 te

141 2340 245 2400 ardere
268 2338 378 2414 studio,
400 2359 520 2400 mecum
543 2351 576 2399 ut
600 2339 655 2400 tibi
676 2338 731 2399 illa·
749 2341 897 2399 traderem
920 2336 1013 2416 egisti.
1060 2339 1140 2399 Cum

138 2449 240 2498 autem
256 2458 312 2516 ego
326 2450 356 2498 te
369 2456 432 2498 non
451 2449 512 2497 tam
527 2437 641 2498 vitandi
659 2435 769 2498 laboris
783 2435 843 2497 mei
861 2456 952 2497 causa
964 2455 1056 2513 quam
1071 2435 1141 2513 quia

93 2552 123 2602 ¹5
140 2546 192 2595 tua
209 2535 242 2596 id
259 2535 400 2597 interesse
414 2535 576 2609 arbitrarer,
592 2538 686 2597 velut
704 2555 757 2596 eos
775 2555 829 2613 per
842 2545 872 2595 te
886 2533 950 2613 ipse
968 2537 1080 2612 legeres
1094 2525 1158 2594 vel¹

140 2643 174 2692 ut
192 2644 287 2693 totam
300 2633 446 2693 rationem
463 2654 482 2693 a
498 2632 674 2694 doctissimo
693 2634 825 2710 quodam
845 2633 962 2693 rhetore
980 2631 1139 2709 acciperes,
1246 2649 1248 2654 ·

140 2731 275 2790 hortatus
293 2750 399 2803 essem,
415 2740 584 2808 utrumque,
599 2741 633 2790 ut
651 2751 691 2796 en
707 2741 736 2791 te
756 2729 924 2802 audiebam,
941 2749 973 2789 es
991 2738 1137 2806 expertus.

140 2829 200 2888 Sed
215 2847 234 2886 a
247 2827 329 2889 libris
344 2839 373 2888 te
387 2825 552 2888 obscuritas
571 2826 692 2900 reiecit;
711 2829 811 2887 rhetor
828 2837 929 2886 autem
943 2825 993 2885 ille
1014 2844 1139 2902 magnus
1154 2843 1169 2892 3

139 2928 223 2999 haec,
246 2937 280 2985 ut
301 2925 415 3004 opinor,
438 2924 609 2985 Aristotelia
630 2945 663 2985 se
684 2923 819 3002 ignorare
841 2923 1004 3001 respondit.
1048 2924 1140 2999 Quod

94 3050 127 3086 πο
141 3023 264 3101 quidem
287 3022 411 3084 minime
435 3042 502 3082 sum
523 3021 686 3083 admiratus
707 3041 777 3082 eum
797 3022 1011 3099 philosophum
1033 3018 1142 3080 rhetori

140 3140 202 3180 non
230 3140 296 3180 esse
326 3119 487 3198 cognitum,
512 3119 564 3197 qui
585 3118 625 3179 ab
652 3118 724 3196 ipsis
746 3117 933 3197 philosophis
954 3129 1071 3195 praeter
1094 3118 1143 3177 ad-

141 3219 268 3278 modum
288 3237 401 3294 paucos
422 3215 590 3294 ifinoretun
618 3215 727 3293 quibus
748 3235 785 3276 eo
808 3214 907 3275 minus
925 3215 1142 3292 ignoscendum

140 3326 194 3387 est,
216 3315 301 3392 quod
322 3334 384 3375 non
405 3315 498 3374 modo
519 3313 608 3375 rebus
630 3312 673 3400 eis
694 3332 771 3390 quae
795 3311 906 3372 abillo
930 3311 1029 3371 dictae
1053 3322 1084 3371 et
1102 3310 1144 3370 in-

177 3483 207 3516 ro
223 3467 256 3516 ad
273 3483 306 3516 ea
321 3466 398 3517 Klotu
413 3483 443 3516 ex
457 3469 576 3518 Boethio:
592 3469 626 3517 ad
644 3484 701 3518 eam
716 3467 784 3518 codd.
869 3467 970 3516 ratione
984 3474 1011 3515 et
1023 3467 1063 3516 via
1076 3467 1143 3531 vulg.

140 3533 300 3584 exBorthrb:
317 3534 497 3583 rationemvia
508 3533 575 3584 codd.
724 3532 727 3537 ’

175 3625 329 3661 crerorrcn
1048 3609 1080 3658 la
