2588 4178
160 215 193 275 15
206 226 237 276 59
475 201 518 259 M.
547 201 675 259 TVLLI
705 199 937 262 CICERONIS

205 385 313 443 genera
334 365 429 438 divisi,
452 365 494 426 sic
515 365 605 426 etiam
626 363 817 425 efficientium
839 363 933 425 dividi
954 375 1088 442 possunt.
1132 367 1208 426 Sunt

206 463 287 524 enim
306 463 381 524 aliae
403 483 510 524 causae
529 483 607 540 quae
627 464 716 539 plane
735 462 864 523 efficiant
883 465 964 523 nulla
985 482 1016 522 re
1035 461 1206 535 adiuvante,

206 561 281 622 aliae
305 581 383 638 quae
407 560 540 621 adiuvari
567 560 667 634 velint,
693 573 744 621 ut:
772 558 924 638 Sapientia
948 558 1038 621 efficit
1065 559 1208 638 sapientis

207 661 270 719 sola
284 679 336 737 per
350 679 401 738 se;
421 658 525 718 beatos
540 657 647 718 efficiat
662 677 757 719 necne
771 659 835 717 sola
853 677 906 744 per
921 677 988 718 sese
1001 656 1139 735 quaestio
1153 668 1206 718 est.

161 760 194 811 60
207 758 277 833 Qua
287 777 318 817 re
332 775 401 816 cum
413 755 443 815 in
455 754 689 833 disputationem
700 753 838 815 inciderit
848 774 938 815 causa
948 754 1080 815 efficiens
1094 754 1208 833 aliquid
1222 769 1236 819 5

206 854 384 932 necessario,
412 853 477 913 sine
504 852 692 914 dubitatione
719 851 821 912 licebit
848 854 932 930 quod
956 851 1081 914 efficitur
1105 852 1145 912 ab
1174 873 1209 913 ea

158 949 193 1008 16
206 971 296 1011 causa
320 952 507 1012 concludere.
551 952 630 1012 Cum
654 962 755 1010 autem
779 949 835 1010 erit
859 949 924 1010 talis
945 970 1043 1023 causa,
1065 960 1100 1009 ut
1120 949 1152 1009 in
1174 971 1209 1012 ea

206 1069 269 1109 non
289 1048 327 1109 sit
347 1048 495 1109 efficiendi
520 1047 689 1121 necessitas,
712 1047 878 1109 necessaria
898 1048 1053 1109 conclusio
1078 1068 1140 1108 non
1166 1069 1210 1109 se-

206 1146 314 1224 quitur.
357 1148 458 1223 Atque
480 1146 555 1206 illud
573 1145 696 1223 quidem
718 1165 812 1223 genus
831 1166 988 1207 causarum
1007 1147 1091 1223 quod
1116 1147 1208 1207 habet

206 1243 266 1303 vim
286 1242 434 1304 efficiendi
453 1243 649 1303 necessariam
669 1262 797 1303 errorem
816 1244 932 1304 adferre
952 1263 1014 1304 non
1033 1245 1095 1303 fere
1114 1245 1191 1304 solet
1201 1265 1210 1317 3
1224 1272 1250 1306 10

207 1343 266 1401 hoc
285 1352 386 1401 autem
408 1340 472 1402 sine
497 1360 558 1418 quo
579 1361 641 1401 non
666 1340 791 1400 efficitur
812 1360 901 1419 saepe
923 1342 1091 1401 conturbat
1135 1343 1208 1401 Non

207 1437 296 1510 enim,
313 1437 338 1497 si
352 1437 416 1498 sine
435 1438 607 1516 parentibus
621 1438 674 1497 filii
693 1458 758 1498 esse
772 1458 834 1498 non
853 1450 987 1516 possunt,
1006 1450 1164 1516 propterea
1178 1438 1208 1498 in

162 1537 191 1588 61
208 1535 380 1614 parentibus
397 1555 487 1595 causa
500 1535 555 1594 fuit
568 1535 710 1613 gignendi
729 1535 902 1596 necessaria
947 1539 1019 1597 Hoc
1036 1535 1124 1614 igitur
1144 1536 1209 1597 sine

208 1653 269 1710 quo
283 1653 345 1693 non
360 1633 400 1704 fit,
412 1632 452 1692 ab
465 1653 503 1693 eo
514 1632 545 1691 in
556 1652 617 1709 quo
631 1644 710 1693 certe
725 1634 758 1693 fit
769 1632 925 1710 diligenter
938 1644 984 1694 est
997 1634 1206 1712 separandum.

209 1732 288 1790 lllud
303 1729 382 1790 enim
398 1740 443 1790 est
457 1740 610 1807 tamquam
1222 1746 1249 1796 ¹5

419 1821 532 1882 utinam
554 1843 593 1883 ne
613 1823 645 1882 in
666 1844 788 1885 nemore
810 1824 942 1885 Pelio-

209 1919 275 1980 Nisi
289 1919 368 1980 enim
384 1919 578 1980 ‘accidissent
591 1920 736 1998 abiegnae
749 1923 790 1982 ad
809 1934 916 1983 terram
932 1924 1049 1996 trabes,’
1063 1923 1146 2001 Argo
1159 1922 1210 1982 illa

208 2020 285 2077 lacta
309 2038 370 2078 non
396 2028 481 2091 esset,
504 2037 560 2077 nec
582 2028 683 2078 tamen
708 2018 763 2079 fuit
784 2019 814 2080 in
836 2019 882 2080 his
903 2019 1038 2080 trabibus
1059 2018 1209 2080 efficiendi

207 2115 252 2174 vis
280 2114 452 2175 necessaria.
505 2116 547 2174 At
574 2135 644 2175 cum
675 2115 706 2174 in
733 2117 834 2177 Aiacis
867 2117 967 2178 navim
999 2116 1209 2195 crispisulcans

208 2212 329 2291 igneum
347 2213 461 2272 fulmen
481 2211 623 2273 iniectum
641 2224 693 2287 est,
709 2213 909 2275 inflammatur
928 2213 1011 2274 navis
1030 2213 1207 2275 necessario·
1223 2238 1252 2272 ro

163 2313 194 2364 62
209 2311 310 2387 Atque
330 2309 419 2369 etiam
441 2321 486 2370 est
506 2330 662 2370 causamm
683 2310 902 2384 dissimilitudo,
925 2314 1009 2389 quod
1033 2312 1109 2373 aliae
1125 2324 1208 2384 sunt,

209 2418 242 2467 ut
257 2406 321 2466 sine
336 2409 395 2466 ulla
413 2406 596 2485 appetitione
614 2407 717 2482 animi,
732 2407 797 2469 sine
810 2410 974 2483 voluntate,
987 2408 1052 2470 sine
1066 2408 1210 2487 opinione

209 2524 296 2564 suum
311 2503 396 2582 quasi
415 2523 491 2581 opus
511 2504 648 2578 efficiant,
664 2507 710 2565 vel
725 2517 757 2565 ut
771 2526 862 2567 omne
876 2506 999 2566 intereat
1013 2508 1097 2584 quod
1111 2518 1209 2567 ortum

210 2601 247 2661 sit
257 2614 280 2675 ;Δ
296 2601 371 2661 aliae
391 2613 492 2674 autem
513 2613 564 2661 aut
585 2604 738 2664 voluntate
759 2603 891 2664 efficiunt
911 2615 963 2664 aut
986 2602 1210 2682 perturbatione

209 2696 301 2758 animi
321 2709 372 2757 aut
393 2697 497 2758 habitu
518 2709 570 2757 aut
590 2710 695 2758 natura
712 2712 764 2759 aut
782 2711 844 2761 arte
862 2712 914 2760 aut
932 2721 1022 2761 casu:
1046 2704 1209 2776 voluntate,
1224 2723 1252 2772 ιε

209 2807 242 2854 ut
263 2806 304 2867 tu,
327 2814 396 2854 curn
417 2795 498 2879 hunc
518 2794 652 2855 libellum
673 2796 745 2873 legis
755 2819 764 2871 ς
791 2797 1019 2875 perturbatione,
1043 2809 1076 2858 ut
1096 2799 1122 2858 si
1143 2801 1210 2877 quis

210 2903 350 2953 eventum
370 2893 476 2951 horum
496 2902 664 2970 temporum
684 2893 806 2968 timeat,
826 2894 938 2968 habitu,
954 2907 987 2956 ut
1006 2895 1058 2973 qui
1077 2896 1164 2958 facile
1180 2908 1212 2957 et

210 2989 272 3050 cito
292 2988 446 3063 irascitur,
473 3001 585 3063 natura,
608 3002 641 3050 ut
662 2990 766 3051 vitium
788 2992 819 3052 in
840 2991 904 3052 dies
925 3005 1056 3068 crescat3
1083 3005 1154 3066 arte,
1177 3006 1212 3054 ut

211 3087 289 3147 bene
303 3086 405 3164 pingat
415 3109 424 3161 3
444 3106 524 3160 casu,
540 3098 573 3148 ut
592 3108 731 3166 prospere
751 3089 876 3168 naviget.
920 3090 1004 3150 Nihil
1023 3093 1131 3152 horum
1146 3090 1212 3151 sine

212 3204 302 3244 causa
322 3204 378 3244 nec
397 3184 562 3261 quidquam
577 3185 701 3246 omnino
711 3207 720 3260 3
740 3187 794 3246 sed
812 3186 901 3251 huius
920 3187 1003 3248 modi
1022 3208 1130 3249 causae
1149 3208 1212 3250 non
1225 3212 1256 3261 30

165 3283 198 3348 63
212 3281 403 3342 necessariae.
447 3282 592 3343 Omnium
611 3296 711 3344 autem
731 3304 886 3344 causarum
907 3284 938 3344 in
958 3284 1023 3345 aliis
1044 3284 1121 3346 inest
1142 3307 1214 3347 con·

246 3413 278 3499 ιν)Ι
293 3437 446 3487 accidissent
462 3438 535 3487 AaV
542 3457 548 3487 :
573 3440 726 3489 cecidissent
740 3439 811 3490 codd.
830 3441 870 3506 (cf.
885 3442 917 3490 ad
929 3440 993 3492 Her.
1005 3442 1031 3493 ii.
1042 3457 1092 3504 343
1110 3444 1144 3493 de
1153 3444 1208 3495 Inv.

212 3502 227 3550 i.
242 3503 285 3563 91)
298 3518 304 3550 ε
329 3503 489 3553 accedissent
501 3504 774 3554 vindicam'rFleckeisen
872 3521 904 3565 24
922 3514 961 3555 est
973 3508 1067 3557 maluit
1078 3507 1214 3559 Manutius

212 3567 357 3616 autemsecl.
370 3567 449 3617 Orelli
511 3571 544 3617 na
562 3569 681 3618 irascitur
693 3570 742 3619 Oc:
760 3570 885 3621 irascatur
896 3571 963 3620 codd.
