2588 4178
142 205 247 267 49181
450 196 495 254 M.
517 195 644 254 TVLLI
667 193 903 256 CICERONIS

145 370 192 418 182
208 359 322 442 [eorum
338 381 413 438 quos
427 361 589 438 aliquando
603 362 729 449 dicentis
742 359 893 442 vidimus].
936 363 1016 422 Volo
1034 360 1115 423 enim
1135 360 1201 422 sciri

206 459 237 518 in
252 470 334 519 tanta
347 456 377 520 et
391 470 451 519 tam
460 471 560 521 ‘vetere
577 461 742 538 republica
756 459 891 520 maximis
908 459 1045 538 praemiis
1061 463 1203 537 eloquen-

206 557 264 619 tiae
285 559 443 636 propositis
470 559 568 619 omnis
595 558 712 636 cupisse
736 557 843 631 dicere,
866 579 927 618 non
950 557 1093 636 plurimos
1113 577 1203 618 ausos

205 675 278 729 esse,
304 656 436 734 potuisse
462 677 582 733 paucos.
637 660 702 733 Ego
729 666 829 716 tamen
857 655 898 720 ita
926 657 965 716 de
992 676 1053 716 uno
1081 675 1203 732 quoque

205 753 303 814 dicam
332 766 365 813 ut
392 753 522 831 intellegi
549 753 643 831 possit
673 773 763 831 quem
798 753 964 814 existimem
999 756 1230 826 clamatoremt

205 871 294 927 quem
318 863 464 912 oratorem
487 851 584 911 llrisse.
630 853 731 911 Isdem
754 853 814 912 lere
836 851 1020 928 temporibus
1042 861 1140 911 aetate
1160 850 1203 910 in·

205 948 324 1008 seriores
357 952 448 1026 paulo
476 970 566 1026 quam
595 949 697 1022 Iulius,
727 951 780 1010 sed
812 951 951 1026 aequales
982 950 1202 1026 propemodum

204 1047 322 1106 fuerunt
345 1048 379 1108 C.
403 1048 493 1108 Cotta
518 1049 550 1105 P.
574 1046 721 1123 Sulpicius
738 1031 785 1122 Q.
804 1045 911 1106 Varius
937 1047 992 1107 Cn.
1017 1045 1203 1123 Pomponius

205 1144 239 1204 C.
256 1143 348 1205 Curio
362 1145 396 1203 L.
413 1146 516 1203 Fufius
531 1146 574 1204 M.
592 1147 707 1204 Drusus
722 1146 754 1203 P.
770 1143 935 1217 Antistius;
956 1162 1012 1203 nec
1029 1144 1089 1203 ulla
1105 1154 1203 1204 aetate

141 1246 192 1321 Ι183
205 1241 322 1301 uberior
337 1251 486 1302 oratorum
501 1243 577 1301 letus
591 1241 654 1301 fuit.
698 1243 743 1300 Ex
762 1240 807 1299 bis
822 1242 912 1302 Cotta
926 1252 955 1300 et
970 1239 1118 1318 Sulpicius
1133 1261 1202 1300 cum
1221 1252 1249 1288 ¹0

205 1358 273 1398 meo
292 1339 404 1400 iudicio
422 1350 487 1399 tum
507 1339 641 1399 omnium
660 1338 746 1398 facile
765 1336 874 1415 primas
893 1339 1031 1398 tulerunt.
1076 1336 1138 1398 Hic
1151 1342 1204 1398 At-

204 1435 301 1508 ticus;
323 1439 393 1512 Quo
415 1439 507 1497 modo
528 1436 604 1496 istuc
624 1435 710 1509 dicis,
724 1435 830 1511 inquit,
844 1455 913 1495 cum
935 1445 987 1494 tuo
1008 1434 1120 1496 iudicio
1138 1446 1202 1495 tum

205 1533 362 1592 omnium?
403 1537 565 1611 Semperne
579 1534 610 1592 in
628 1544 742 1593 oratore
759 1532 916 1609 probando
934 1543 986 1591 aut
1004 1531 1204 1609 improbando

92 1635 98 1642 “
204 1631 283 1708 vulgi
306 1630 448 1691 iudicium
471 1651 541 1691 cum
564 1629 798 1707 intellegentium
822 1628 936 1690 iudicio
955 1627 1113 1706 congruit?
1153 1631 1204 1689 An

204 1727 253 1787 alii
274 1729 437 1803 probantur
455 1749 474 1786 a
493 1726 692 1799 multitudine,
707 1727 757 1786 alii
775 1738 875 1787 autem
895 1726 934 1802 ab
954 1725 997 1786 eis
1018 1725 1070 1802 qui
1091 1724 1248 1786 intelle-15

204 1828 300 1902 gunt?
342 1828 437 1885 Recte
457 1823 589 1900 requiriS,
610 1824 740 1900 inquam,
761 1823 861 1884 Attice
871 1845 880 1897 ;
901 1824 954 1883 sed
975 1822 1079 1883 audies
1098 1844 1136 1884 ex
1154 1843 1203 1883 me

144 1925 192 1987 184
205 1923 328 1982 fortasse
339 1924 421 1998 quod
435 1942 497 1981 non
512 1941 617 1980 omnes
631 1921 766 1997 probent.
803 1923 852 1979 An
863 1930 903 1992 tu,
915 1919 1019 1996 inquit,
1029 1919 1062 1981 id
1076 1898 1202 1993 laboias,

205 2019 229 2078 si
244 2019 313 2078 huic
329 2021 420 2079 modo
435 2021 527 2078 Bruto
542 2019 718 2095 probaturus
733 2019 789 2077 es?
830 2020 930 2089 Plane,
947 2017 1080 2094 inquam,
1092 2016 1202 2089 Attice,

204 2116 436 2193 disputationem
458 2117 535 2175 hanc
557 2118 595 2175 de
617 2126 732 2175 oratore
752 2115 909 2190 probando
930 2125 981 2174 aut
1002 2114 1203 2191 improbando

204 2216 300 2273 multo
327 2212 428 2272 malim
456 2212 511 2272 tibi
539 2223 569 2272 et
597 2215 689 2271 Bruto
716 2213 841 2287 placere,
871 2211 1074 2287 eloquentiam
1100 2221 1202 2272 autem
1219 2229 1250 2263 20

204 2331 302 2370 meam
322 2311 435 2387 populo
453 2309 571 2385 probari
586 2309 682 2368 velim.
738 2308 858 2368 Etenim
877 2328 1000 2369 necesse
1022 2319 1073 2381 est,
1090 2308 1143 2385 qui
1162 2308 1203 2368 ita

204 2409 292 2480 dicat,
313 2419 345 2466 ut
370 2427 387 2466 a
410 2405 600 2466 multitudine
623 2406 771 2482 probetur,
794 2406 926 2465 eundem
953 2404 1050 2465 doctis
1075 2405 1202 2482 probari.

204 2507 283 2564 Nam
299 2505 372 2581 quid
386 2503 417 2562 in
432 2503 561 2563 dicendo
580 2514 694 2562 rectum
711 2501 749 2561 sit
764 2513 815 2562 aut
836 2521 959 2578 pravum
979 2522 1034 2579 ego
1053 2501 1202 2573 iudicabo,

204 2601 229 2660 si
250 2603 342 2661 modo
363 2600 388 2659 is
409 2619 475 2658 sum
497 2599 548 2676 qui
569 2597 600 2658 id
621 2598 733 2676 possim
753 2609 804 2658 aut
825 2598 921 2658 sciam·
939 2598 1069 2658 iudicare
1079 2619 1087 2672 ;
1108 2583 1204 2674 qualis

204 2719 275 2759 vero
294 2699 331 2758 sit
350 2709 448 2758 orator
467 2718 502 2757 ex
521 2717 557 2756 eo
579 2699 662 2773 quod
676 2696 700 2756 is
721 2696 851 2757 dicendo
873 2696 981 2756 efficiet
994 2695 1102 2773 poterit
1121 2693 1205 2755 intel·
1218 2711 1248 2760 ²5

145 2810 191 2873 185
205 2795 270 2873 legi.
314 2795 384 2855 Tria
411 2805 481 2854 sunt
508 2794 598 2865 enim,
622 2805 655 2852 ut
678 2794 801 2871 quidem
826 2814 882 2871 ego
907 2792 1012 2865 sentio,
1039 2811 1116 2867 quae
1144 2791 1204 2851 sint

205 2892 361 2954 efficienda
381 2891 529 2952 dicendo:
554 2903 587 2950 ut
608 2893 751 2950 doceatur
771 2890 796 2950 is
817 2892 898 2968 apud
920 2909 1010 2966 quem
1031 2887 1155 2962 dicetur,
1171 2900 1205 2949 ut

205 2993 376 3061 delectetur,
400 3000 433 3049 ut
458 2999 610 3048 moveatur
635 2987 849 3049 vehementius
904 2986 1022 3061 Quibus
1046 2983 1205 3046 virtutibus

205 3087 328 3166 oratoris
351 3089 457 3146 horum
481 3085 614 3162 quidque
639 3085 781 3145 efficiatur
803 3095 855 3144 aut
878 3082 987 3160 quibus
1008 3081 1084 3142 vitiis
1106 3092 1205 3143 orator

204 3195 256 3244 aut
271 3204 332 3244 non
347 3185 527 3261 adsequatur
545 3184 618 3242 haec
638 3192 688 3240 aut
707 3181 796 3243 etiam
816 3181 846 3241 in
868 3180 914 3240 his
933 3180 1048 3240 labatur
1062 3189 1092 3240 et
1106 3181 1202 3253 cadat,
1218 3197 1249 3247 50

241 3354 252 3386 1
271 3339 381 3387 vidimus
400 3337 440 3385 L:
465 3336 606 3386 audivimus
623 3335 746 3384 Ruhnken
832 3350 921 3384 eorum
942 3369 949 3385 .
968 3371 974 3382 .
996 3369 1002 3382 .
1024 3332 1134 3381 vidimus
1150 3333 1204 3383 sed.

204 3406 303 3466 Kayser
377 3404 436 3450 sciri
453 3401 521 3451 codd.
535 3401 597 3449 det:
615 3401 682 3448 scire
696 3401 719 3448 L
827 3413 855 3460 15
873 3416 888 3447 a
901 3400 971 3448 mult.
989 3398 1056 3459 vulg.
1123 3397 1205 3447 abeis

204 3470 272 3519 codd.
281 3469 326 3518 det.
340 3485 345 3518 :
358 3469 390 3516 ab
402 3465 473 3515 hisL
542 3480 570 3526 17
583 3465 690 3520 laboras,
703 3467 725 3514 si
737 3465 797 3513 huic
808 3463 955 3512 Manutius:
974 3462 1101 3510 laborasse
1113 3463 1172 3512 huic
1182 3463 1206 3512 L

207 3551 237 3596 19
255 3537 305 3583 de.
321 3572 325 3582 .
340 3569 346 3583 .
361 3533 529 3593 improbando
540 3532 592 3579 secl.
606 3529 700 3578 Schultz
817 3545 848 3590 25
866 3530 933 3590 quod
945 3531 1001 3589 quis
1014 3529 1107 3577 maluit
1114 3528 1206 3590 Jahn:

205 3601 273 3664 quod
285 3599 341 3662 ipse
357 3597 471 3647 Wer'dnaer
566 3611 597 3656 27
616 3597 714 3644 dicetur
726 3595 766 3643 L:
784 3594 883 3644 dicatur
894 3592 961 3644 codd.
973 3593 1017 3643 det.
1061 3631 1063 3634 ,
