2588 4178
149 216 192 276 -ιε
205 226 237 277 n
469 202 512 262 ru.
542 201 670 262 rvmr
698 200 931 264 crcnnoms

202 370 331 450 pecunia
358 370 472 449 signata
498 381 653 449 argentum
681 380 734 444 est,
763 371 860 448 legata
892 379 937 429 est
968 366 1093 448 mulieri.
1149 369 1202 428 Est

200 481 302 530 autem
326 467 455 548 pecunia
478 468 592 548 signata
613 479 775 546 argentum.
820 469 932 546 Legata
953 464 1041 544 igitur
1065 475 1129 540 est3
1163 485 1201 525 an

201 566 252 627 illo
273 568 384 628 modos
419 567 450 628 Si
474 579 629 628 numerata
649 567 778 646 pecunia
798 587 861 628 non
881 578 926 628 est
946 567 1051 645 legata,
1072 584 1137 626 non
1158 577 1203 626 est

201 677 355 726 numerata
369 665 497 743 pecunia
509 677 673 744 argentum.
717 668 772 726 Est
785 675 885 726 autern
901 674 1056 725 numerata
1074 662 1203 742 pecunia

200 774 374 841 argentum3
394 765 491 842 legata
504 763 592 842 igitur
605 775 650 824 est
660 785 677 839 3-
688 783 727 823 an
741 762 794 824 illo
808 764 918 824 modo:
940 763 1011 822 Non
1026 773 1056 823 et
1070 764 1202 840 legatum
1215 773 1229 822 5

201 872 356 939 argentum
367 873 412 922 est
425 872 455 922 et
469 882 531 922 non
545 873 590 922 est
604 863 700 939 legata
714 872 868 921 numerata
881 859 1017 939 pecunia
1055 861 1202 938 Legatum

201 969 302 1019 autern
322 970 477 1036 argentum
498 970 543 1020 est
552 981 561 1033 ;
588 961 684 1038 legata
704 959 792 1037 igitur
811 969 967 1018 numerata
986 957 1116 1037 pecunia
1135 960 1204 1018 est?

159 1068 188 1117 54
201 1057 363 1134 Appellant
387 1067 487 1117 autem
512 1055 661 1117 dialectici
684 1048 750 1117 eam
776 1054 1001 1117 conclusionem
1024 1054 1200 1133 argumenti,

201 1153 232 1212 in
260 1173 327 1231 qua,
357 1153 579 1231 cumprimum
606 1153 816 1230 adsumpseris,
842 1153 1034 1231 consequitur
1060 1151 1093 1214 id
1118 1155 1203 1235 quod

201 1251 350 1311 adnexum
370 1263 415 1312 est
434 1250 564 1329 primum
586 1250 787 1311 conclusionis
806 1252 932 1312 modum
942 1272 951 1324 3
975 1270 1044 1311 cum
1063 1249 1096 1311 id
1117 1252 1202 1328 quod
1217 1265 1243 1301 10

201 1349 350 1408 adnexum
379 1359 424 1409 est
452 1347 574 1426 negaris,
597 1360 630 1409 ut
655 1348 686 1409 id
713 1368 834 1426 quoque
862 1347 911 1408 cui
934 1347 1022 1408 fuerit
1049 1349 1201 1427 adnexum

202 1447 372 1523 negandum
392 1445 440 1522 sit,
457 1448 607 1507 secundus
625 1445 650 1506 is
668 1448 834 1524 appellatur
852 1444 1053 1506 concludendi
1074 1447 1185 1524 modus
1195 1468 1204 1520 ;

202 1562 271 1603 cum
292 1555 392 1603 autern
413 1543 513 1622 aliqua
536 1544 697 1623 coniuncta
720 1543 835 1622 negaris
859 1554 889 1604 et
913 1543 1012 1606 exeis
1033 1563 1128 1604 unum
1149 1555 1202 1617 aut

201 1643 286 1717 plura
317 1641 485 1718 sumpseris,
514 1653 547 1703 ut
580 1644 663 1720 quod
698 1641 874 1720 relinquitur
905 1643 1072 1704 tollendum
1101 1641 1147 1717 sit,
1177 1642 1202 1702 is

157 1744 188 1795 55
201 1737 303 1801 tertius
313 1741 479 1816 appellatur
488 1739 689 1801 conclusionis
704 1741 819 1800 modus.
857 1743 903 1799 Ex
916 1741 974 1800 hoc
984 1739 1035 1800 illa
1048 1742 1202 1802 rhetorum
1217 1757 1242 1808 15

201 1856 238 1896 ex
252 1835 404 1897 contrariis
423 1838 572 1911 conclusa,
587 1857 665 1915 quae
683 1837 740 1915 ipsi
756 1838 935 1916 ἐνθυμήματα
948 1839 1100 1916 appellant
1110 1860 1119 1913 3
1131 1859 1202 1901 rnon

201 1935 284 2010 quod
298 1933 396 1994 omnis
410 1934 557 1996 sententia
570 1935 689 2014 proprio
703 1935 826 2024 nomine
840 1937 986 2014 ἐνθύμημα
999 1956 1062 1997 non
1076 1936 1200 2011 dicatur,

202 2032 263 2104 sed,
280 2042 313 2091 ut
333 2034 485 2093 Homerus
504 2044 625 2110 propter
643 2034 848 2094 excellentiam
865 2055 1027 2096 commune
1044 2045 1200 2113 poetarum

202 2147 314 2202 nomen
328 2128 417 2190 efficit
435 2131 517 2208 apud
532 2132 663 2191 Graecos
677 2150 772 2204 suum,
789 2131 842 2206 sic,
856 2152 926 2193 curn
940 2132 1039 2194 omnis
1053 2133 1202 2193 sententia

201 2227 347 2304 ἐνθύμημα
370 2227 493 2300 dicatur,
515 2228 586 2306 quia
606 2228 722 2289 videtur
746 2249 781 2289 ea
802 2249 879 2307 quae
900 2251 936 2291 ex
956 2229 1111 2290 contrariis
1132 2251 1201 2291 con·
1216 2243 1245 2278 ²0

201 2324 298 2385 ficitur
317 2324 496 2399 acutissima,
517 2329 581 2386 sola
600 2327 718 2406 proprie
738 2348 851 2389 nomen
873 2349 1036 2389 commune
1056 2328 1199 2407 possedit.

202 2421 275 2483 Eius
289 2421 404 2501 generis
419 2424 493 2486 haec
508 2435 595 2484 sunt:

242 2521 301 2580 hoc
314 2530 455 2592 metuere,
471 2522 596 2581 alterurn
612 2520 643 2581 in
658 2532 739 2582 metu
754 2543 817 2583 non
831 2528 960 2600 ponere!

242 2637 308 2678 eam
330 2637 420 2694 quam
445 2616 518 2678 nihil
539 2639 662 2680 accusas
684 2620 818 2694 damnas,
841 2621 920 2682 bene
944 2641 1038 2699 quarn,
1063 2622 1201 2686 meritam

322 2734 388 2775 esse
401 2725 538 2776 autumas
1216 2728 1246 2780 ²5

243 2815 320 2874 male
339 2816 473 2874 merere?
494 2813 525 2875 id
539 2816 623 2892 quod
637 2814 694 2876 scis
710 2817 832 2893 prodest
846 2815 921 2876 nihil
932 2839 941 2891 ;
961 2816 993 2877 id
1006 2819 1090 2895 quod
1103 2819 1203 2880 nescis

325 2911 433 2973 obest?

156 2977 190 3118 ἒξ
245 3009 316 3069 Hoc
330 3008 496 3093 disserendi
513 3030 607 3089 genus
625 3009 742 3089 attingit
761 3010 885 3071 omnino
899 3023 1010 3072 vestras
1029 3033 1152 3091 quoque
1170 3014 1203 3074 in

202 3107 413 3183 respondendo
431 3106 654 3185 disputationes,
676 3109 730 3169 sed
750 3108 997 3187 philosophorum
1017 3110 1119 3189 magis,
1139 3111 1204 3190 qui-

203 3202 259 3262 bus
287 3214 331 3264 est
358 3223 427 3293 curn
452 3204 618 3266 oratoribus
646 3205 695 3264 illa
722 3224 759 3265 ex
785 3207 1019 3285 repugnantibus
1046 3207 1203 3283 sententiis
1216 3220 1247 3271 ³0

200 3299 372 3362 communis
386 3302 539 3363 conclusio
554 3321 631 3380 quae
644 3322 662 3363 a
677 3301 840 3364 dialecticis
854 3302 957 3364 tertius
973 3306 1090 3380 modus,
1105 3326 1125 3366 a
1138 3307 1203 3368 rhe-

238 3456 276 3517 16,
287 3471 316 3518 ¹7
334 3472 387 3504 non
400 3457 469 3519 quod
480 3457 565 3506 omnis
577 3457 618 3506 0:
635 3473 687 3506 non
700 3459 761 3519 quia
767 3458 850 3508 omnis
857 3455 883 3508 b'
894 3476 900 3507 :
912 3459 1041 3521 nonquod
1054 3475 1106 3509 non
1117 3462 1204 3511 omnis

203 3519 286 3573 W:
303 3536 354 3569 non
368 3522 430 3583 quin
447 3522 671 3585 omnisbmarg.:
698 3538 749 3572 non
763 3524 807 3584 qui
825 3523 936 3572 nominis
953 3523 1068 3574 A'afficL
1172 3542 1203 3590 η

204 3583 222 3652 ΙΙΙ
236 3586 334 3636 dicatur
344 3586 370 3636 A
383 3603 390 3635 τ
409 3588 508 3637 dicatur
519 3586 656 3644 richisus
673 3604 724 3637 non
737 3589 837 3638 dicatur
844 3588 913 3638 codd.
