2588 4178
575 180 739 238 BRVTVS
1124 194 1158 242 οι
1172 190 1203 239 82

151 354 292 419 quentes,
307 363 435 420 quorum
456 356 571 405 exstant
588 345 744 418 orationes,
760 366 796 405 ex
815 345 924 422 quibus
940 344 1099 405 existimari
1118 348 1156 406 de

152 439 283 516 ingeniis
298 453 448 501 oratorum
466 454 571 519 potest.
615 444 675 503 Sed
689 442 765 502 inter
783 445 839 503 hos
858 455 954 503 aetate
968 445 1090 520 paulum
1110 443 1156 503 his

150 539 337 598 antecedens
360 537 424 598 sine
447 539 646 600 controversia
670 541 729 600 Ser.
754 541 852 600 Galba
878 540 1048 617 eloquentia
1077 560 1157 617 prae·

150 633 247 708 stitit;
276 646 305 695 et
336 635 476 696 nimirum
507 637 531 696 is
559 637 696 715 princeps
723 658 759 697 ex
787 637 900 698 Latinis
928 637 978 697 illa
1005 650 1154 698 oratorum

121 731 273 809 5pr0pria
300 744 330 792 et
354 733 440 810 quasi
468 733 599 811 legitima
625 755 716 812 opera
743 734 884 806 tractavit,
909 748 941 795 ut
969 737 1156 812 egrederetur

149 848 169 888 a
185 828 339 907 proposito
360 831 486 891 ornandi
501 851 597 904 causa,
615 843 647 891 ut
668 834 828 892 delectaret
848 832 973 903 animos,
990 845 1022 891 ut
1041 852 1155 910 penno

150 939 243 998 veret‚
267 939 299 986 ut
323 940 443 1005 augeret
468 949 539 1001 rem,
563 942 595 989 ut
619 929 866 1002 miserationibus,
890 942 922 989 ut
943 930 1154 990 communibus

150 1024 227 1084 locis
247 1036 384 1084 uteretur.
428 1027 488 1086 Sed
509 1026 611 1109 nescio
631 1046 693 1104 quo
708 1029 799 1087 modo
814 1027 910 1099 huius,
926 1047 1016 1104 quem
1038 1040 1154 1088 constat

150 1121 325 1198 eloquentia
337 1122 525 1199 praestitisse,
541 1123 676 1184 exiliores
690 1124 839 1184 orationes
854 1137 922 1184 sunt
941 1137 970 1184 et
985 1127 1153 1185 redolentes

104 1242 137 1278 ro
152 1218 246 1294 magis
260 1218 467 1296 antiquitatem
487 1239 576 1297 quam
598 1233 649 1280 aut
664 1220 746 1280 Laeli
761 1231 815 1280 aut
832 1221 979 1298 Scipionis
997 1232 1048 1280 aut
1063 1221 1152 1281 etiam

150 1315 244 1392 ipsius
260 1316 392 1389 Catonis,
408 1317 509 1394 itaque
525 1330 709 1390 exaruerunt,
725 1318 772 1376 vix
786 1318 844 1377 iam
861 1330 892 1377 ut
906 1330 1075 1395 appareant.

194 1415 242 1473 De
265 1413 357 1490 ipsius
379 1414 461 1474 Laeli
482 1427 512 1474 et
534 1414 681 1492 Scipionis
703 1414 822 1492 ingenio
843 1435 1025 1492 quamquam
1047 1437 1082 1476 ea
1106 1429 1151 1477 est
1164 1426 1196 1485 83

150 1511 238 1583 lama,
255 1522 288 1571 ut
308 1511 469 1588 plurimum
491 1512 635 1572 tribuatur
655 1512 812 1584 ambobus
828 1512 949 1572 dicendi
970 1525 1070 1573 tamen
1087 1516 1151 1573 laus

150 1618 196 1666 est
218 1607 249 1666 in
273 1608 376 1668 Laelio
400 1608 556 1669 inlustrior.
601 1613 641 1669 At
658 1608 752 1670 oratio
773 1609 856 1669 Laeli
877 1612 915 1669 de
936 1610 1067 1688 collegiis
1089 1632 1150 1671 non

105 1729 137 1780 ¹⁵
152 1703 256 1764 melior
270 1725 360 1782 quam
380 1707 418 1765 de
439 1706 538 1765 multis
552 1726 642 1783 quam
663 1709 744 1766 voles
758 1706 924 1784 Scipionis3
944 1728 1005 1766 non
1025 1728 1087 1784 quo
1101 1708 1150 1767 illa

153 1801 234 1861 Laeli
248 1802 409 1880 quicquam
429 1802 467 1863 sit
486 1803 602 1863 dulcius
621 1814 673 1863 aut
687 1824 748 1881 quo
762 1806 800 1864 de
820 1803 960 1881 religione
977 1804 1037 1865 dici
1056 1807 1149 1882 possit

147 1899 310 1975 augustius,
326 1902 379 1960 sed
400 1903 495 1960 multo
514 1914 614 1960 tamen
629 1900 770 1960 vetustior
787 1913 816 1960 et
833 1901 979 1961 horridior
992 1901 1041 1962 ille
1057 1923 1148 1980 quam

147 1995 268 2074 Scipio;
292 2010 330 2069 et,
346 2018 415 2057 cum
434 1997 538 2057 sintin
557 1997 688 2058 dicendo
702 1997 799 2058 variae
817 2000 992 2071 voluntates
1008 2000 1148 2060 delectari

147 2093 222 2153 mihi
237 2095 329 2172 magis
350 2095 525 2172 antiquitate
547 2095 663 2155 videtur
681 2108 711 2155 et
732 2095 858 2155 libenter
880 2096 977 2155 verbis
994 2096 1083 2156 etiam
1104 2098 1146 2156 uti

100 2215 136 2252 πο
147 2193 238 2268 paulo
263 2191 355 2268 magis
379 2191 482 2267 priscis
505 2191 631 2250 Laelius
675 2192 734 2252 Sed
762 2202 806 2250 est
829 2211 894 2251 mos
922 2192 1086 2265 hominum,
1113 2206 1146 2253 ut
1158 2207 1191 2268 84

147 2288 244 2348 nolint
258 2290 387 2348 eundem
402 2288 535 2366 pluribus
553 2289 640 2348 rebus
655 2290 805 2347 excellere.
850 2290 929 2347 Nam
944 2301 976 2348 ut
990 2310 1026 2349 ex
1040 2290 1146 2350 bellica

146 2387 236 2445 laude
263 2385 390 2463 aspirare
417 2388 457 2446 ad
485 2386 659 2445 Africanum
688 2405 777 2445 nemo
805 2398 911 2463 potest,
938 2386 967 2445 in
996 2407 1055 2464 qua
1083 2387 1146 2464 ipsa

79 2543 82 2548 ,
145 2481 296 2560 egregium
310 2483 437 2542 Viriathi
453 2483 531 2543 bello
543 2482 703 2560 reperimus
717 2482 807 2542 fuisse
819 2483 971 2543 Laelium:
993 2483 1035 2543 sic
1046 2484 1146 2562 ingeni

145 2579 307 2640 litterarum
319 2580 507 2658 eloquentiae
518 2580 679 2658 sapientiae
691 2580 821 2657 denique
832 2580 887 2640 etsi
898 2580 1014 2658 utrique
1025 2581 1144 2659 primas,

100 2702 131 2753 ²5
145 2677 257 2754 priores
278 2690 379 2737 tamen
400 2678 526 2738 libenter
547 2680 683 2737 deferunt
705 2677 816 2736 Laelio.
859 2680 925 2737 Nec
945 2679 1018 2737 mihi
1036 2692 1146 2739 cetero·

145 2796 209 2834 rum
232 2775 343 2835 iudicio
365 2777 461 2835 solum
484 2775 607 2847 videtur,
631 2776 684 2835 sed
706 2773 794 2834 etiam
814 2774 945 2851 ipsorum
968 2775 1044 2835 inter
1065 2777 1144 2855 ipsos

143 2891 288 2932 concessu
303 2872 344 2932 ita
358 2873 501 2933 tributum
517 2872 614 2932 fuisse.
659 2875 730 2931 Erat
745 2872 868 2932 omnino
888 2885 951 2932 tum
972 2894 1045 2946 mos,
1062 2887 1094 2934 ut
1114 2875 1143 2934 in
1157 2889 1187 2950 85

143 2969 263 3047 reliquis
285 2972 373 3031 rebus
395 2970 507 3043 melior,
524 2971 565 3029 sic
588 2970 618 3028 in
640 2971 698 3030 hoc
720 2969 785 3047 ipso
807 2970 974 3045 humanior,
989 2983 1021 3031 ut
1042 2973 1152 3034 faciles

142 3081 241 3130 essent
256 3069 287 3129 in
301 3090 388 3128 suum
403 3068 511 3146 cuique
527 3069 695 3129 tribuendo.
735 3067 883 3128 Memoria
897 3081 985 3129 teneo
1000 3072 1142 3147 Smyrnae
1154 3091 1193 3134 aa

96 3189 129 3238 30
144 3187 192 3227 me
206 3188 241 3227 ex
257 3170 288 3226 P.
306 3167 420 3227 Rutilio
436 3169 517 3226 Ruso
530 3167 686 3240 audivisse,
703 3187 772 3226 cum
786 3165 898 3226 diceret
916 3169 1141 3229 adulescentulo

176 3335 197 3380 1,
210 3336 225 3367 a
243 3335 349 3382 quorum
364 3356 370 3369 .
383 3357 389 3368 .
402 3357 408 3370 .
421 3327 506 3382 potest
518 3321 569 3370 secl.
577 3320 650 3379 Jahn
771 3335 786 3381 5
805 3321 988 3381 degrederetur
999 3321 1141 3371 Lambinus

140 3388 157 3435 6
175 3380 202 3435 ut
221 3393 382 3448 permoveret
398 3386 477 3449 vulg:
494 3392 539 3433 aut
557 3400 580 3446 p.
596 3383 618 3431 L
752 3401 766 3445 7
784 3388 1048 3437 commiserationibus
1061 3387 1138 3436 Lam-

140 3453 215 3500 binus
324 3452 347 3513 8,
361 3467 378 3513 9
393 3467 470 3512 quem
489 3488 495 3500 .
514 3487 520 3498 .
539 3488 544 3500 .
565 3452 723 3512 praestitisse
740 3452 792 3499 sect.
811 3451 940 3499 Eberhard
1049 3468 1078 3500 10
1095 3462 1138 3501 aut

141 3516 268 3578 Scipionis
279 3517 364 3580 vulg:
380 3525 423 3564 aut
435 3514 519 3567 om.L
622 3531 650 3577 13
668 3517 842 3565 lamaBar'ter:
859 3516 942 3565 iamL
1042 3534 1070 3581 14
1088 3521 1139 3568 col·

141 3583 216 3645 legiis
227 3583 294 3645 vulg.
309 3599 315 3630 z
332 3580 473 3642 collegisL
592 3597 620 3643 17
639 3583 771 3631 venustior
782 3581 823 3630 L:
839 3599 899 3632 corr.
917 3581 991 3632 0²M²
