2588 4178
362 205 651 266 PARTITIONES
673 205 926 269 ORATORIAE
1112 223 1113 227 ’
1130 217 1177 278 38

148 389 211 430 non
239 370 411 431 necessaria
462 371 496 432 C.
528 368 682 446 Quoniam
709 373 748 432 de
776 371 836 430 tide
863 368 1050 447 respondisti,
1080 372 1149 432 volo

147 468 251 529 audire
270 470 309 529 de
329 480 421 530 motu.
465 471 500 528 P.
521 470 569 528 Tu
588 470 657 529 loco
676 467 798 546 quidem
818 467 943 545 quaeris,
959 469 1013 528 sed
1032 468 1149 545 plenius

147 567 232 645 quod
256 565 300 627 vis
327 565 530 644 explicabitur,
555 586 625 626 cum
652 567 692 626 ad
720 565 862 627 orationis
886 563 979 642 ipsius
1002 565 1149 643 quaestio·

147 683 282 742 numque
302 663 447 724 rationem
466 683 584 724 venem.

118 784 133 831 5
188 763 224 823 C.
241 761 324 837 Quid
345 760 478 838 sequitur
498 760 607 839 igitur?
641 763 673 821 P.
698 761 777 822 Cum
797 759 955 834 inveneris,
973 761 1177 840 conlocare39

148 857 233 917 cuius
246 857 283 918 vin
302 857 419 918 infinita
439 858 615 936 quaestione
636 859 712 918 ordo
732 856 814 918 idem
832 859 893 917 fere
913 877 1003 934 quem
1024 858 1148 936 exposui

147 957 301 1030 locorum3
322 955 493 1016 indefinita
506 967 607 1015 autem
622 954 795 1015 adhibenda
811 965 881 1015 sunt
900 954 950 1014 illa
967 954 1057 1016 etiam
1071 975 1149 1033 quae

147 1055 187 1113 ad
210 1065 309 1113 motus
330 1053 499 1114 animorum
520 1051 678 1130 pertinent.
722 1053 756 1114 C.
780 1054 851 1128 Quo
872 1054 965 1113 modo
986 1052 1073 1130 igitur
1093 1053 1150 1113 ista

148 1137 300 1228 explicas?
341 1154 373 1211 P.
399 1151 511 1211 Habeo
535 1148 708 1210 communia
729 1162 887 1228 praecepta
907 1151 997 1210 fidem
1019 1150 1149 1211 faciendi

103 1265 135 1301 ιο
148 1258 178 1308 et
203 1248 423 1309 commovendi.
467 1247 620 1324 Quoniam
645 1248 721 1307 fides
745 1258 790 1307 est
810 1249 896 1307 firma
915 1247 1026 1326 opinio,
1049 1260 1149 1309 motus

147 1359 248 1406 autem
263 1346 354 1406 animi
370 1345 504 1406 incitatio
524 1357 577 1405 aut
595 1346 635 1405 ad
651 1346 835 1421 voluptatem
854 1357 906 1405 aut
921 1347 961 1406 ad
980 1345 1148 1406 molestiam

147 1455 198 1503 aut
212 1446 252 1504 ad
272 1443 466 1522 cupiditatem
486 1455 537 1503 aut
556 1444 596 1502 ad
616 1453 816 1503 metum—tot
835 1455 905 1503 sunt
923 1442 1004 1503 enim
1022 1440 1147 1525 [motus]

146 1558 264 1619 genera,
286 1553 384 1620 partes
411 1544 510 1621 plures
538 1560 680 1618 generum
709 1539 1055 1618 singulorum-omnem
1080 1561 1149 1602 con-

147 1639 328 1701 locationem
342 1642 382 1701 ad
396 1642 491 1700 tinem¹
501 1640 702 1700 accommodo
721 1639 911 1716 quaestionis.
955 1641 1035 1725 Nam
1054 1651 1099 1700 est
1117 1639 1148 1699 in

103 1759 132 1810 ¹5
147 1738 302 1816 proposito
321 1737 388 1799 finis
410 1739 493 1811 lides,
509 1736 540 1797 in
555 1756 644 1797 causa
662 1733 717 1818 [et]
735 1737 810 1797 fides
832 1748 862 1797 et
883 1747 990 1797 motus.
1034 1738 1104 1813 Qua
1117 1757 1148 1797 re

147 1856 217 1896 cum
234 1837 274 1896 de
291 1856 381 1896 causa
399 1835 510 1908 dixero,
526 1834 557 1894 in
576 1854 637 1913 quo
657 1833 734 1894 inest
752 1833 948 1912 propositum,
963 1836 1002 1895 de
1022 1846 1148 1913 utroque

146 1933 259 1994 dixero.
301 1936 335 1997 C.
356 1933 439 2011 Quid
457 1933 551 1993 habes
569 1919 657 2011 igitur
675 1933 714 1992 de
733 1952 823 1993 causa
841 1931 962 1993 dicere?
1003 1935 1035 1992 P.
1057 1932 1193 1994 Audi-10

146 2043 245 2093 torum
270 2053 336 2093 eam
358 2052 466 2110 genere
487 2030 636 2108 distingui.
681 2032 761 2090 Nam
782 2042 833 2090 aut
853 2031 1035 2090 auscultator
1055 2033 1148 2094 modo

146 2141 192 2190 est
206 2130 258 2208 qui
272 2130 356 2191 audit
366 2142 422 2190 aut
436 2129 626 2207 disceptator,
641 2128 674 2189 id
688 2139 733 2188 est
747 2126 789 2188 rei
803 2127 1028 2206 sententiaeque
1048 2131 1149 2190 mode-

101 2246 133 2281 20
146 2240 244 2303 rator3
264 2227 306 2288 ita
318 2240 370 2288 aut
385 2239 418 2288 ut
432 2230 597 2289 delectetur
610 2226 662 2305 qui
679 2225 763 2287 audit
776 2237 828 2286 aut
845 2237 878 2286 ut
897 2236 1005 2286 statuat
1024 2218 1145 2304 aliquid.

146 2324 255 2385 Statuit
278 2337 379 2385 autem
400 2336 452 2385 aut
473 2326 512 2385 de
532 2323 704 2402 praeteritis,
727 2334 761 2383 ut
781 2322 880 2398 iudex,
900 2334 952 2383 aut
973 2324 1146 2397 defuturis,
1176 2397 1178 2403 Ι

144 2435 178 2483 ut
193 2434 329 2498 senator3
351 2423 393 2484 sic
412 2422 467 2483 tria
488 2425 563 2483 haec
583 2442 692 2501 genera
712 2420 805 2482 iudici
826 2420 1048 2482 deliberationis
1067 2443 1147 2484 exor-
1248 2420 1250 2424 ⁴

145 2520 294 2595 nationis;
314 2540 392 2598 quae
406 2520 477 2599 quia
490 2520 521 2580 in
538 2519 725 2582 laudationes
743 2518 871 2580 maxime
890 2521 1067 2593 conferatur,
1083 2539 1148 2597 pro

145 2618 243 2695 prium
257 2619 317 2679 iam
331 2620 423 2680 habet
436 2639 473 2680 ex
487 2638 524 2679 eo
542 2638 662 2679 nomen.
706 2619 741 2680 C.
763 2619 847 2700 Qqas
866 2634 913 2678 res
931 2617 988 2679 sibi
1007 2616 1148 2695 proponit

99 2731 130 2782 ²5
144 2716 176 2776 in
191 2716 254 2778 istis
269 2717 362 2778 tribus
376 2717 535 2796 generibus
550 2720 670 2778 orator?
711 2718 745 2776 P.
761 2715 1001 2777 Delectationem
1016 2715 1047 2775 in
1066 2736 1148 2777 exor-

144 2814 277 2890 natione,
301 2815 332 2874 in
356 2814 469 2876 iudicio
493 2826 544 2874 aut
568 2813 721 2874 saevitiam
743 2824 794 2874 aut
816 2812 1006 2873 clementiam
1029 2811 1145 2886 iudicis,

143 2911 175 2972 in
204 2912 342 2974 suasione
370 2924 422 2973 aut
452 2932 537 2990 spem
564 2924 616 2973 aut
643 2910 916 2972 reformidationem
945 2910 1144 2972 deliberantis.

145 3012 179 3077 C.
200 3012 262 3073 Cur
282 3011 369 3090 igitur
389 3014 448 3072 hoc
469 3013 537 3071 loco
558 3009 682 3089 exponis
702 3030 812 3088 genera
831 3013 1012 3071 causarum?
1053 3011 1086 3068 P.
1104 3011 1146 3069 Vt

144 3107 290 3171 rationem
304 3109 484 3171 conlocandi
499 3110 539 3169 ad
558 3111 649 3170 finem
666 3108 811 3186 cuiusque
827 3110 1065 3169 accommodem.
1109 3108 1144 3169 C.
1162 3127 1189 3164 ιι

97 3224 130 3274 30
146 3208 287 3283 Quonam
310 3210 432 3269 tandem
453 3209 576 3269 modo?
610 3210 642 3267 P.
668 3205 748 3282 Quia
771 3205 880 3284 quibus
905 3204 936 3264 in
961 3203 1145 3266 orationibus
1198 3263 1200 3267 .

1159 2588 1180 2647 4

1162 2678 1189 2714 11

176 3364 192 3410 6
209 3362 235 3410 in
247 3339 297 3411 om.
311 3360 338 3409 P
400 3361 518 3424 quaestio
531 3369 571 3410 est
583 3360 609 3409 P
674 3375 704 3409 12
721 3367 806 3410 motus
817 3375 867 3410 om.
882 3360 907 3409 P
973 3372 1003 3420 15
1021 3365 1047 3408 et
1059 3375 1110 3408 om.
1121 3359 1148 3408 P

144 3429 175 3476 16
191 3427 218 3476 in
231 3443 285 3490 qua,
293 3426 361 3479 codd.
374 3427 430 3478 dett.
535 3429 565 3475 ιθ
582 3428 631 3476 iam
644 3442 741 3490 genere
752 3426 779 3475 P
863 3441 896 3475 ao
911 3424 956 3487 qui
968 3424 1111 3474 delectetur
1120 3424 1147 3473 P

141 3493 353 3607 {gslffaftjones
365 3493 449 3558 vulga
466 3492 614 3542 laudatione
625 3492 652 3540 P
782 3506 815 3553 24
832 3491 882 3540 iam
894 3490 989 3554 Stangl
1000 3508 1006 3540 ι
1023 3497 1108 3539 tamn
1120 3489 1147 3538 P
