2588 4178
565 203 730 264 BRVTVS
1107 202 1214 281 ⁸027,

148 373 229 431 Tum
252 374 378 431 Brutus:
403 375 504 449 Atque
524 370 709 446 dubitamus,
722 370 826 449 inquit,
843 382 942 433 utrum
964 373 1020 433 ista
1040 373 1150 434 sanitas
1165 393 1212 447 ²⁷9

147 469 235 530 suerit
248 489 287 529 an
301 468 430 529 vitium?
466 470 542 545 Quis
557 468 637 529 enim
653 489 714 530 non
728 471 862 543 fateatur,
873 491 943 530 curn
958 492 994 531 ex
1008 471 1150 532 omnibus

147 568 271 628 oratoris
285 567 425 628 laudibus
439 571 528 645 longe
542 566 598 627 ista
616 566 654 628 sit
673 566 811 640 maxima,
827 567 1013 629 inflammare
1033 569 1151 630 animos

146 663 332 724 audientium
354 676 384 725 et
405 684 597 742 quocumque
617 685 663 725 res
684 667 814 743 postulet
836 667 929 727 modo
950 668 1079 741 flectere,
1099 667 1150 744 qui

118 763 204 822 5hac
220 762 327 822 virtute
344 762 477 835 caruerit,
501 762 532 823 id
553 761 581 823 ei
601 763 684 840 quod
705 762 869 823 maximum
890 763 977 824 suerit
997 763 1151 825 defuisse?

146 858 191 918 Sit
205 880 277 920 sane
295 860 343 932 ita,
360 860 504 938 inquam,¹
531 862 584 920 sed
605 862 761 920 redeamus
780 863 819 921 ad
836 881 906 920 eum
928 861 979 938 qui
999 860 1057 920 iarn
1073 882 1150 921 unus
1165 862 1199 920 81

146 969 244 1031 restat,
272 957 477 1031 Hortensium,
504 969 567 1017 tum
596 959 635 1017 de
663 956 814 1018 nobismet
842 957 921 1035 ipsis,
948 957 1091 1035 quoniam
1118 956 1150 1018 id

146 1054 246 1128 etiarn,
258 1058 357 1129 Brute,
369 1058 510 1133 postulas,
521 1075 617 1132 pauca
630 1054 773 1116 dicemus.
806 1057 997 1132 Quamquam
1013 1055 1151 1116 iacienda

146 1151 260 1212 mentio
275 1165 327 1227 est,
344 1164 376 1212 ut
390 1152 513 1229 quidem
531 1151 604 1211 mihi
618 1151 742 1225 videtur,
758 1154 885 1212 duorum
902 1152 1148 1224 adulescentium,

100 1263 133 1299 10
147 1248 200 1326 qui
216 1249 241 1309 si
258 1249 370 1310 diutius
384 1249 524 1310 vixissent
546 1269 684 1327 magnam
706 1261 805 1309 essent
822 1249 1010 1326 eloquentiae
1028 1251 1148 1310 laudern

146 1347 308 1408 consecuti.

187 1447 222 1508 C.
240 1445 403 1508 Curionem
425 1457 462 1518 te,
485 1444 582 1522 inquit
603 1447 720 1518 Brutus,
744 1457 773 1504 et
795 1446 829 1507 C.
849 1444 998 1505 Licinium
1021 1446 1149 1506 Calvum
1165 1452 1213 1500 280

146 1543 272 1604 arbitror
285 1543 393 1603 dicere.
432 1545 535 1614 Recte,
552 1542 683 1619 inquam,
696 1541 862 1617 arbitraris,
884 1563 1012 1619 quorum
1023 1542 1148 1620 quidem

146 1638 338 1721 alter'[quod
358 1640 516 1700 verisimile
539 1637 674 1720 dixisset]
698 1640 738 1699 ita
762 1639 848 1700 facile
873 1642 1029 1717 soluteque
1051 1639 1163 1700 verbis

99 1747 131 1797 ¹5
148 1740 286 1799 volvebat
308 1738 379 1798 satis
398 1738 547 1798 interdurn
566 1749 678 1810 acutas,
700 1738 818 1797 crebras
837 1736 959 1814 quidem
982 1751 1061 1798 certe
1083 1732 1147 1798 seir-

148 1835 264 1908 tentias,
298 1848 331 1895 ut
360 1835 434 1894 nihil
467 1846 568 1912 posset
599 1833 732 1894 ornatius
764 1854 839 1908 esse,
867 1834 942 1894 nihil
970 1834 1146 1912 expeditius.

147 1936 248 2010 Atque
275 1933 324 1993 hic
346 1952 451 2010 parum
479 1953 498 1992 a
526 1931 671 2009 magistris
699 1930 850 1991 institutus
878 1942 1013 1991 naturam
1043 1930 1148 1991 habuit

146 2029 352 2091 admirabilem
371 2032 410 2089 ad
430 2030 612 2104 dicendum,
633 2028 809 2089 industriam
831 2049 893 2088 non
914 2048 981 2088 sum
999 2041 1146 2106 expertus,

146 2127 278 2188 studium
290 2140 369 2187 certe
383 2127 446 2187 fuit
489 2127 551 2202 Qui
566 2127 590 2186 si
605 2148 654 2187 me
669 2125 939 2200 audirevoluisset,
949 2138 982 2186 ut
997 2138 1144 2204 coeperat,

98 2243 132 2279 20
147 2227 276 2286 honores
304 2245 394 2302 quarn
422 2245 495 2302 opes
523 2223 669 2300 consequi
696 2223 856 2283 maluisset.
914 2222 1068 2299 Quidnam
1092 2235 1147 2297 est,

145 2321 253 2399 inquit,
266 2323 365 2382 istuc?
385 2334 415 2382 et
430 2343 519 2399 quem
537 2324 717 2382 admodum
736 2319 914 2398 distinguis?
957 2323 1029 2380 Hoc
1044 2322 1145 2393 modu,

145 2419 276 2499 inquam.
321 2421 400 2481 Cum
420 2422 518 2480 honos
533 2419 570 2479 sit
590 2419 756 2498 praemium
770 2418 885 2478 virtutis
903 2416 1016 2478 iudicio
1035 2416 1147 2478 studio·
1163 2429 1209 2478 281

144 2536 204 2595 que
226 2515 335 2576 civium
359 2518 491 2578 delatum
512 2518 551 2576 ad
576 2515 717 2593 aliquem,
739 2514 790 2592 qui
813 2535 882 2575 eum
906 2512 1069 2586 sententiis,
1094 2513 1145 2592 qui

145 2613 289 2690 suffragiis
313 2616 440 2691 adeptus
463 2623 516 2688 est,
542 2614 566 2673 is
591 2612 665 2673 mihi
693 2625 723 2673 et
751 2615 896 2673 honestus
924 2624 954 2671 et
981 2613 1144 2671 honoratus

97 2724 129 2775 2⁵
144 2712 268 2772 videtur.
312 2711 374 2787 Qui
395 2724 496 2771 autern
525 2711 684 2772 occasione
711 2710 811 2787 aliqua
839 2709 929 2770 etiam
956 2708 1055 2768 invitis
1083 2707 1144 2769 suis

145 2805 260 2870 civibus
279 2821 384 2868 nactus
403 2820 448 2868 est
467 2808 634 2886 imperium,
650 2820 683 2868 ut
700 2808 749 2867 ille
769 2806 916 2885 cupiebat,
932 2808 1013 2866 hunc
1031 2826 1143 2867 nomen

143 2906 265 2968 honoris
284 2909 436 2984 adeptum,
452 2926 515 2967 non
532 2909 678 2966 honorem
696 2916 777 2983 puto.
822 2907 909 2981 Quae
926 2904 951 2963 si
970 2903 1020 2963 ille
1039 2902 1144 2965 audire
1173 2889 1176 2893 ,

142 3003 294 3079 voluisset,
309 3003 437 3065 maxima
452 3023 521 3063 curn
532 3001 624 3081 gratia
639 3014 669 3062 et
682 3002 775 3078 gloria
788 3003 827 3061 ad
842 3020 990 3066 summam
1005 2999 1143 3077 amplitu-

142 3101 244 3162 dinem
273 3100 465 3179 pervenisset,
492 3101 658 3160 ascendens
679 3098 821 3176 gradibus
846 3096 1079 3175 magistratuum,
1109 3109 1142 3156 ut

96 3216 128 3265 30
142 3212 225 3277 pater
245 3197 309 3259 eius
330 3202 447 3271 fecerat,
464 3209 497 3256 ut
518 3197 623 3274 reliqui
644 3197 782 3257 clariores
803 3195 864 3254 viri.
908 3196 996 3269 Quae
1017 3193 1140 3270 quidem

142 3295 231 3355 etiam
246 3316 315 3355 curn
332 3299 363 3355 P.
380 3297 489 3358 Crasso
505 3296 548 3354 M.
566 3297 610 3369 F,
624 3314 686 3353 cum
697 3293 786 3353 initio
800 3291 905 3353 aetatis
919 3294 958 3352 ad
978 3290 1140 3359 amicitiam

164 3479 166 3484 ,
177 3467 206 3512 14
225 3451 307 3514 [quod
319 3467 370 3501 ver.
385 3451 505 3514 dixisset]
518 3449 570 3498 secl.
582 3447 726 3497 Lainbr'nus
819 3462 853 3508 3ο
870 3457 898 3496 ut
911 3446 1002 3510 reliqui
1015 3445 1139 3495 clariores

141 3517 188 3564 viri
200 3513 241 3565 L:
257 3517 309 3566 secl.
327 3515 455 3566 Wet'dner:
472 3524 500 3564 ut
513 3516 604 3577 reliqui
617 3516 735 3576 maiores,
749 3513 810 3562 clari
824 3514 871 3561 viri
879 3513 952 3573 Jahn
1033 3527 1063 3572 31
1082 3526 1139 3558 cunr

140 3581 199 3631 add.
213 3583 283 3645 vulg.
1041 3639 1072 3688 6*
