2588 4178
523 197 702 261 ORATOR
1078 197 1118 274 58
1132 209 1178 276 198

115 360 247 424 dicendo
273 373 373 424 autem
402 362 476 423 nihil
503 374 548 424 est
575 362 770 442 propositum,
802 361 859 424 nisi
886 373 918 424 ut
946 382 985 425 ne
1012 363 1117 427 immo

115 460 218 520 derata
230 471 282 521 aut
294 473 420 540 angusta
432 472 484 522 aut
497 459 643 524 dissoluta
656 474 707 524 aut
721 464 817 523 fluens
831 460 868 522 sit
882 461 985 543 oratio.
1009 464 1116 541 Itaque
1215 507 1217 513 -

115 577 177 617 non
198 558 319 619 suntin
340 580 376 620 ea
396 571 549 639 tamquam
571 560 685 622 tibicini
706 559 931 639 percussionum
954 559 1045 635 modi,
1062 563 1115 622 sed

114 655 252 717 universa
272 658 502 735 comprehensio
528 669 559 720 et
586 659 700 738 species
724 657 866 721 orationis
889 659 991 718 clausa
1011 669 1041 718 et
1062 669 1116 720 ter-

86 775 100 824 ,ς
115 753 227 816 minata
241 766 296 830 est,
310 758 393 834 quod
407 759 561 835 voluptate
574 757 689 819 aurium
705 757 860 818 iudicatur.

155 854 237 914 Solet
259 864 361 915 autem
382 854 484 932 quaeri
504 866 608 917 totone
627 855 660 916 in
680 855 796 916 ambitu
816 855 974 915 verborum
999 853 1115 916 numeri

114 951 238 1012 tenendi
251 951 311 1012 sint
324 973 364 1013 an
377 952 409 1012 in
423 951 526 1030 primis
540 952 673 1031 partibus
686 964 777 1031 atque
795 950 827 1012 in
846 951 983 1013 extremis
995 974 1004 1027 ;
1031 951 1115 1031 pleri-

113 1068 173 1126 que
187 1048 268 1110 enim
282 1053 406 1111 censent
419 1053 535 1112 cadere
555 1062 672 1111 tantum
690 1070 849 1112 numerose
868 1061 1005 1127 oportere
1019 1049 1116 1110 termi-

113 1146 237 1225 narique
258 1147 444 1210 sententiam.
476 1149 543 1210 'Est
555 1159 666 1223 autem,
682 1160 715 1210 ut
733 1149 765 1210 id
780 1148 909 1221 maxime
922 1150 1036 1222 deceat,
1052 1168 1114 1209 non

70 1261 100 1296 ¹0
113 1256 146 1305 ut
160 1249 258 1307 solum
270 1269 279 1322 ;
299 1249 459 1326 ponendus
475 1257 520 1312 est
534 1247 615 1309 enim
629 1247 679 1309 ille
697 1246 835 1321 ambitus,
852 1267 914 1308 non
928 1245 1114 1308 abiciendus.

108 1336 184 1420 ⁸Qua
202 1365 321 1405 recum
341 1365 428 1406 aures
451 1357 616 1407 extremum
637 1365 756 1422 semper
775 1355 948 1423 exspectent
965 1344 996 1404 in
1017 1364 1115 1422 eoque

112 1440 312 1518 acquiescant,
334 1442 366 1503 id
387 1463 491 1504 vacare
515 1463 641 1503 numero
662 1463 724 1504 non
747 1452 874 1521 oportet,
895 1443 949 1502 sed
971 1443 1010 1502 ad
1032 1444 1114 1504 hunc

113 1539 224 1599 exitum
245 1540 304 1600 iam
326 1561 344 1602 a
364 1540 512 1619 principio
532 1540 599 1601 ferri
620 1541 711 1602 debet
732 1542 889 1602 verborum
911 1540 961 1600 illa
981 1560 1114 1618 compre-

112 1637 219 1698 hensio
240 1651 270 1699 et
286 1650 349 1700 tota
366 1659 385 1700 a
405 1639 502 1717 eapite
523 1639 564 1699 ita
584 1634 684 1713 fluere,
700 1650 733 1700 ut
751 1641 791 1700 ad
812 1650 976 1700 extremum
991 1638 1113 1700 veniens

69 1757 98 1807 ¹5
112 1733 177 1813 ipsa
190 1735 341 1797 consistat.
385 1739 423 1798 Id
436 1749 537 1798 autem
551 1738 633 1799 bona
651 1736 809 1817 disciplina
828 1736 1001 1810 exercitatis,
1017 1736 1069 1814 qui
1083 1748 1113 1798 et
1129 1761 1178 1797 200

112 1837 207 1895 multa
228 1833 396 1913 scripserint
417 1847 447 1896 et
468 1855 676 1914 quaecumque
695 1836 784 1897 etiam
804 1835 869 1896 sine
887 1835 997 1914 scripto
1011 1834 1112 1896 dicent

111 1931 219 1993 similia
239 1932 415 2011 scriptorum
437 1933 596 2008 effecerint,
617 1955 678 1996 non
700 1933 754 1995 erit
774 1932 989 1996 difficillimum.
1033 1935 1113 1993 Ante

111 2029 192 2091 enim
216 2030 466 2092 circumscribitur
490 2044 591 2093 mente
613 2032 761 2094 sententia
784 2030 1003 2108 confestimque
1023 2030 1114 2091 verba

111 2139 300 2204 concurrunt,
316 2149 394 2207 quae
407 2150 493 2191 mens
507 2132 622 2203 eadem,
640 2128 792 2209 qua'nihil
802 2140 847 2190 est
865 2128 998 2202 celerius,
1014 2128 1112 2188 statim

67 2244 98 2280 20
111 2226 242 2300 dimittit,
268 2237 301 2287 ut
329 2245 384 2288 suo
408 2229 552 2305 quodque
574 2230 642 2288 loco
666 2217 885 2306 respondeant;
915 2247 1043 2304 quorum
1072 2227 1114 2287 di·

110 2324 237 2402 scriptus
260 2325 335 2387 ordo
356 2324 429 2386 alias
453 2325 511 2385 alia
535 2325 744 2386 terminatione
767 2324 964 2387 concluditur.
1011 2327 1113 2401 Atque

110 2422 212 2483 omnia
236 2421 285 2484 illa
309 2434 339 2483 et
360 2422 455 2501 prima
483 2434 512 2484 et
531 2424 640 2485 media
666 2424 758 2484 verba
784 2435 917 2502 spectare
939 2423 1052 2483 debent
1073 2423 1112 2482 ad

109 2521 256 2582 ultimum.
301 2524 456 2583 Interdum
479 2521 559 2583 enim
581 2542 684 2583 cursus
702 2531 747 2582 est
761 2521 791 2581 in
807 2520 941 2582 oratione
954 2520 1111 2595 incitatior,
1128 2546 1173 2582 υ]

109 2618 259 2680 interdum
271 2612 428 2681 ¹moderata
442 2618 592 2698 ingressio,
609 2631 642 2680 ut
663 2619 721 2680 iam
741 2640 759 2681 a
780 2618 926 2698 principio
946 2618 1111 2679 videndum

65 2737 95 2788 ²5
108 2717 147 2777 sit
168 2738 258 2795 quem
279 2720 318 2779 ad
343 2719 468 2779 modurn
493 2717 566 2778 velis
589 2716 689 2778 venire
713 2720 752 2779 ad
777 2729 949 2778 extremum.
994 2719 1060 2777 Nec
1081 2715 1112 2776 in

109 2815 241 2875 numeris
255 2815 348 2894 magis
362 2835 453 2893 quam
468 2814 499 2875 in
513 2814 633 2893 reliquis
648 2805 830 2876 ornamentis
844 2813 995 2886 orationis,
1005 2815 1111 2874 eadem

1128 821 1171 883 ³9

1132 913 1178 966 ¹99

108 2932 177 2972 cum
206 2911 350 2973 faciamus
372 2932 450 2990 quae
477 2924 593 2990 poetae,
619 2911 776 2991 effugimus
798 2924 899 2973 tamen
921 2911 952 2971 in
977 2910 1112 2973 oratione

108 3009 255 3088 poematis
269 3001 503 3071 similitudinem.
547 3014 602 3070 Est
615 3010 695 3071 enim
711 3011 742 3070 in
761 3021 888 3088 utroque
901 3021 932 3071 et
946 3008 1069 3070 materia
1082 3021 1112 3076 et

109 3107 262 3169 tractatio:
290 3108 414 3169 materia
433 3108 465 3168 in
486 3107 591 3182 verbis,
614 3108 750 3169 tractatio
770 3108 801 3167 in
823 3107 1031 3168 conlocatione
1051 3126 1112 3167 ver-

63 3205 225 3270 roborum.
268 3209 385 3266 Temae
409 3216 510 3267 autem
536 3217 605 3266 sunt
629 3205 782 3284 utriusque
806 3217 921 3283 partes:
953 3206 1110 3266 verborum
1125 3210 1170 3269 60

110 3307 292 3378 translatum,
306 3324 426 3378 novum,
437 3303 679 3380 priscum—nam
692 3304 731 3364 de
741 3301 866 3382 propriis
881 3301 955 3361 nihil
969 3304 1028 3362 hoc
1042 3304 1111 3363 loco

144 3474 155 3507 r
175 3464 249 3508 utne
260 3456 373 3507 Schelle:
390 3465 433 3507 aut
445 3456 514 3507 neL
595 3473 610 3505 a
627 3464 672 3507 aut
684 3458 766 3506 lluens
778 3456 817 3506 L:
834 3473 863 3507 ac
875 3458 958 3505 fluens
969 3455 1110 3519 Heerdegen

108 3539 124 3585 3
141 3523 239 3572 tibicini
257 3524 297 3572 L:
321 3524 429 3574 tibicinii
449 3524 543 3573 Orelli:
566 3524 679 3571 tibicinis
698 3522 764 3571 codd.
786 3521 840 3572 deu.
933 3536 963 3570 10
979 3529 1007 3570 ut
1027 3522 1109 3570 solum

107 3587 192 3639 Bake:
209 3590 235 3638 id
247 3590 329 3638 solum
339 3589 362 3636 L
485 3604 515 3650 13
532 3590 582 3638 iarn
593 3588 707 3637 Emestr':
724 3596 775 3637 tam
787 3585 876 3636 FP¹0¹
888 3604 894 3636 r
911 3595 996 3636 tamen
1007 3585 1109 3636 P2M02

109 3655 140 3703 16
156 3655 242 3704 dicent
251 3655 344 3715 Jahn:
360 3655 477 3704 dicerent
489 3654 511 3701 L
584 3669 617 3703 ao
631 3654 806 3716 respondeant
819 3652 899 3702 Reid:
917 3653 1073 3715 respondeat
1084 3651 1108 3700 L
