2588 4178
108 219 144 276 19
158 211 188 273 ⁶5
409 203 453 260 M.
475 202 604 260 TVLLI
626 202 859 263 CICERONIS

154 369 249 445 agitur
280 369 437 447 quaeritur,
467 371 528 430 duo
559 382 628 430 sunt
657 367 809 451 [genera]:
844 389 971 447 quorum
1005 368 1036 428 in
1064 372 1157 430 altero

153 465 366 543 disputandum
388 479 433 527 est
453 466 534 528 aliud
555 488 594 527 an
615 467 696 527 idem
717 467 762 541 sit,
779 479 811 527 ut
832 466 993 545 pertinacia
1014 464 1069 548 [et]
1095 487 1158 544 per-

153 563 317 623 severantia
328 586 337 638 ;
366 563 398 623 in
412 567 505 625 altero
528 576 628 624 autem
651 563 811 642 descriptio
832 564 948 642 generis
974 563 1100 624 alicuius
1129 576 1159 624 et

153 661 238 737 quasi
259 661 357 739 imago
380 674 425 722 est
447 661 648 739 exprimenda,
670 674 703 722 ut
724 662 820 740 qualis
842 662 879 722 sit
903 682 1007 722 avarus
1029 673 1081 722 aut
1106 662 1158 739 qui

108 768 140 817 66
154 759 191 819 sit
214 760 367 836 superbus.
410 760 513 820 Tertio
536 773 637 821 autem
659 759 691 820 in
715 781 831 838 genere,
856 759 887 820 in
915 780 977 837 quo
1004 762 1092 836 quale
1121 758 1184 826 sits

154 856 311 933 quaeritur,
326 868 377 916 aut
391 859 429 917 de
444 860 600 918 honestate
619 870 671 918 aut
690 860 728 919 de
748 857 873 918 utilitate
889 869 941 917 aut
955 859 994 918 de
1007 857 1159 935 aequitate

154 953 316 1014 dicendum
339 966 393 1014 est.
437 957 484 1015 De
508 957 664 1016 honestate
689 955 739 1028 sic,
763 967 801 1015 ut·
817 958 1017 1015 honestumne
1042 953 1079 1015 sit
1105 975 1158 1032 pro

153 1051 250 1113 amico
271 1053 435 1130 periculum
456 1065 507 1114 aut
528 1052 670 1113 invidiam
689 1053 796 1114 subire.
841 1056 888 1113 De
906 1052 1032 1113 utilitate
1056 1063 1158 1112 autem

154 1149 204 1221 sic,
221 1162 253 1209 ut
267 1150 343 1211 sitne
365 1151 436 1211 utile
455 1150 486 1210 in
505 1171 537 1211 re
558 1150 677 1228 publica
698 1151 934 1211 administranda
950 1151 1065 1210 versari.
1112 1153 1159 1210 De

153 1247 302 1324 aequitate
315 1260 415 1308 autern
431 1248 481 1322 sic,
498 1260 531 1308 ut
549 1248 626 1309 sitne
645 1269 775 1326 aequum
795 1248 908 1310 amicos
927 1247 1061 1326 cognatis
1078 1260 1202 1307 ante-10

154 1348 236 1406 ferre.
278 1348 379 1423 Atque
394 1345 424 1404 in
439 1348 497 1407 hoc
517 1349 624 1407 eodeni
645 1366 760 1424 genere,
777 1346 808 1405 in
827 1367 888 1423 quo
907 1349 995 1423 quale
1014 1346 1052 1407 sit
1071 1366 1162 1424 quae·

155 1443 233 1516 ritur,
249 1443 377 1503 exoritur
390 1443 472 1504 aliud
487 1445 639 1521 quoddam
655 1443 828 1521 disputandi
842 1465 944 1522 genus.
988 1447 1059 1504 Non
1077 1444 1159 1504 enirn

154 1535 326 1612 simpliciter
347 1539 444 1597 solum
465 1537 616 1615 quaeritur
636 1537 709 1614 quid
731 1540 889 1597 honestum
911 1537 957 1611 sit,
980 1537 1054 1615 quid
1075 1537 1158 1610 utile,

155 1633 228 1712 quid
251 1654 389 1710 aequum,
409 1636 462 1695 sed
483 1634 573 1694 etiarn
595 1655 631 1694 ex
651 1633 873 1711 comparatione
898 1634 972 1712 quid
994 1634 1159 1708 honestius,

155 1725 228 1804 quid
243 1726 350 1799 utilius,
366 1727 438 1804 quid
449 1728 584 1812 aequius,
600 1740 690 1805 atque
705 1728 795 1788 etiarn
814 1727 887 1805 quid
904 1727 1166 1803 honestissimum,
1176 1758 1203 1808 ¹5

73 1862 77 1882 ,·
154 1823 228 1901 quid
256 1823 456 1898 utilissimum,
483 1824 555 1901 quid
583 1825 796 1902 aequissimum
807 1847 815 1899 ;
850 1824 934 1885 cuius
966 1825 1082 1903 generis
1110 1824 1162 1885 illa

92 1941 95 1943 ’
155 1935 232 1994 sunt,
258 1942 335 1998 quae
355 1921 615 1998 'praestantissima
643 1923 679 1982 sit
708 1923 836 2001 dignitas
863 1922 949 1982 vitae.
993 1924 1094 1999 Atque
1125 1943 1162 1983 ea

110 2023 141 2089 67
155 2019 278 2096 quidem
306 2040 382 2096 quae
411 2019 471 2080 dixi
499 2020 677 2099 cognitionis
710 2032 779 2080 sunt
806 2019 915 2080 omnia.
961 2022 1087 2080 Restant
1115 2041 1162 2081 ac-

155 2111 262 2173 tionis:
297 2112 380 2172 cuius
408 2115 533 2172 alterurn
562 2125 607 2173 est
642 2113 843 2190 praecipiendi
870 2133 975 2190 genus,
1003 2114 1086 2189 quod
1120 2115 1162 2174 ad

154 2205 299 2271 rationein
321 2205 399 2264 offici
420 2205 556 2282 pertinet,
579 2217 612 2265 ut
637 2226 725 2282 quern
748 2206 934 2265 admodum
958 2205 1017 2265 sint
1040 2207 1162 2267 colendi
1177 2226 1206 2260 ro

155 2311 291 2376 parentes
302 2306 311 2373 3'
331 2301 456 2359 alterum
477 2311 577 2359 autem
598 2301 637 2360 ad
659 2300 809 2359 sedandos
831 2298 948 2360 animos
974 2311 1004 2359 et
1026 2299 1162 2360 oratione

154 2393 314 2466 sanandos,
336 2403 369 2451 ut
393 2391 423 2451 in
452 2392 642 2453 consolandis
671 2392 862 2465 maeroribus,
889 2392 980 2457 utin
1008 2391 1163 2454 iracundia

154 2485 381 2562 comprimenda
402 2494 453 2546 aut
477 2485 507 2545 in
531 2486 637 2547 timore
659 2485 840 2547 deleniendo
864 2498 916 2545 aut
938 2486 968 2545 in
998 2485 1163 2563 cupiditate

155 2583 328 2643 minuenda.
370 2583 428 2645 Cui
448 2583 571 2660 quidem
596 2583 696 2661 generi
717 2583 897 2644 contrarium
919 2595 964 2644 est
986 2583 1163 2661 disputandi

154 2702 247 2759 genus
268 2683 307 2740 ad
328 2682 450 2741 eosdem
471 2680 537 2741 illos
557 2681 650 2741 animi
672 2692 778 2753 motus,
795 2681 878 2757 quod
899 2679 930 2740 in
949 2682 1162 2759 amplificanda
1177 2703 1205 2753 ²5

154 2778 288 2839 oratione
303 2797 391 2855 saepe
405 2777 575 2838 faciendum
590 2790 643 2850 est,
656 2780 703 2837 vel
716 2777 882 2854 gignendos
896 2781 943 2838 vel
954 2777 1160 2841 concitandos.

99 2855 141 2979 ὀἳ
155 2880 256 2953 Atque
277 2878 351 2935 haec
372 2877 432 2935 fere
453 2887 498 2938 est
518 2875 637 2953 partitio
656 2875 918 2936 consultationum.
963 2877 997 2938 C.
1014 2878 1161 2954 Cognovi,

154 2976 208 3035 sed
229 2994 307 3051 quae
327 2972 365 3032 sit
385 2971 459 3032 ratio
480 2971 511 3031 in
532 2972 578 3032 his
599 2971 771 3034 inveniendi
791 2986 820 3034 et
839 2973 1019 3052 disponendi
1033 2974 1160 3051 requiro.

156 3075 187 3130 P.
218 3071 311 3146 Quid,
339 3081 371 3129 tu
388 3066 530 3130 ¹aliamne
557 3090 662 3130 censes
689 3091 725 3130 ac
759 3091 820 3130 non
855 3073 983 3131 eandem
1011 3091 1090 3148 quae
1117 3083 1163 3132 est

155 3168 295 3246 exposita,
311 3180 344 3227 ut
369 3188 404 3227 ex
427 3167 539 3228 eisdem
563 3167 636 3228 locis
659 3169 697 3228 ad
720 3170 810 3229 fidem
832 3180 862 3229 et
882 3171 922 3229 ad
946 3168 1161 3230 inveniendum
1176 3196 1206 3245 ³0

155 3269 302 3328 ducantur
322 3265 447 3325 omnia?
488 3266 677 3327 Conlocandi
696 3280 795 3326 autern
816 3287 893 3345 quae
914 3278 959 3326 est
980 3265 1114 3344 exposita
1132 3267 1162 3327 in

155 3364 220 3425 aliis
234 3363 317 3436 ratio,
333 3364 440 3423 eadem
455 3365 514 3446 huc
529 3365 727 3424 transferetur.

192 3518 516 3581 rgeneraseclAEn'tdn'clr
583 3535 598 3566 a
615 3525 642 3567 et
653 3534 703 3568 om.
719 3519 743 3566 P
806 3535 839 3582 29
856 3518 991 3581 quidneP
1040 3526 1067 3568 tu
1081 3520 1167 3568 om.P

157 3600 187 3633 ac
201 3599 252 3634 non
264 3584 387 3633 Stroebel:
404 3599 492 3633 annon
505 3584 547 3632 P:
564 3592 590 3633 et
602 3600 654 3632 non
666 3583 733 3633 codd.
