2588 4178
117 210 217 290 ,7105
416 195 459 254 M.
482 195 610 253 rvrrr
632 193 864 255 crcuaorrrs

168 362 288 421 dulcem
310 372 339 420 et
360 362 543 437 perfacetum
563 359 654 420 fuisse
675 360 794 420 dicebat
804 382 812 434 3
836 360 968 420 addebat
988 359 1166 419 industrium

168 459 258 518 etiam
270 472 299 518 et
310 457 483 535 diligentem
494 469 524 518 et
538 457 568 516 in
580 457 838 518 exercitationibus
853 455 1169 517 commentationibus-

108 588 155 638 ,06
169 576 229 633 que
244 558 368 615 multum
384 575 492 633 operae
507 555 626 616 solitum
641 575 706 615 esse
725 574 845 631 ponere.
890 554 951 615 Hic
965 554 1097 631 optimus
1111 554 1168 613 illis

169 652 352 730 temporibus
367 665 411 712 est
425 666 567 730 patronus
581 653 700 713 habitus
715 673 812 730 eoque
831 656 927 712 forum
942 663 1063 712 tenente
1084 655 1169 729 plura

168 751 231 809 fieri
245 749 355 810 iudicia
369 761 539 828 coeperunt.
583 753 661 810 Nam
682 761 712 810 et
726 749 915 826 quaestiones
932 760 1092 827 perpetuae
1110 751 1168 808 hoc
1183 767 1197 817 5

167 849 359 909 adulescente
390 848 568 909 constitutae
597 858 666 908 sunt
690 869 767 925 quae
791 860 880 908 antea
905 850 1004 908 nullae
1032 850 1168 922 fuerunt3

168 947 202 1004 L.
225 946 305 1006 enim
332 945 401 1005 Piso
424 945 560 1006 tribunus
584 945 679 1022 plebis
702 946 797 1022 legem
826 945 938 1022 primus
966 947 1006 1005 de
1033 944 1168 1022 pecuniis

168 1043 341 1120 repetundis
373 1043 539 1105 Censorino
572 1054 601 1102 et
630 1042 757 1103 Manilio
790 1043 964 1104 consulibus
997 1042 1169 1120 tulit-ipse

168 1139 258 1200 etiam
274 1139 343 1200 Piso
357 1151 387 1200 et
401 1124 578 1217 eausas‘egit
595 1151 625 1200 et
639 1141 798 1199 multarum
813 1143 910 1217 legum
930 1152 983 1200 aut
999 1152 1104 1201 auctor
1117 1150 1168 1199 aut

168 1237 318 1300 dissuasor
332 1239 394 1311 suit,
410 1239 495 1316 isque
516 1250 545 1299 et
566 1238 715 1298 orationes
728 1237 854 1315 reliquit,
870 1259 948 1317 quae
967 1239 1026 1298 iam
1043 1259 1169 1299 evanue·
1184 1260 1215 1298 10

135 1334 136 1338 ’
168 1349 243 1409 runt,
260 1350 290 1396 et
310 1336 425 1396 annalis
445 1357 517 1396 sane
538 1335 651 1396 exiliter
671 1335 854 1413 scriptos—3
875 1348 905 1396 et
924 1336 1034 1397 iudicia
1054 1338 1166 1416 populi,

168 1433 278 1510 quibus
304 1435 406 1493 aderat
430 1433 538 1506 Carbo,
562 1432 621 1492 iam
647 1432 740 1511 magis
764 1445 923 1511 patronum
948 1434 1167 1509 desiderabant,

168 1531 277 1590 tabella
297 1533 367 1591 data
377 1553 385 1604 3
409 1550 500 1607 quam
521 1532 616 1607 legem
639 1533 673 1590 L.
690 1531 811 1592 Cassius
833 1530 950 1608 Lepido
971 1543 1001 1592 et
1023 1532 1168 1593 Mancino

168 1626 341 1688 consulibus
355 1627 429 1687 tulit.

115 1709 155 1767 ²⁸
208 1728 315 1784 Vester
341 1725 431 1784 etiam
457 1728 494 1785 D.
522 1729 631 1785 Brutus
657 1727 700 1784 M.
724 1725 809 1798 filius,
832 1737 865 1786 ut
887 1746 924 1786 ex
946 1725 1080 1786 familiari
1103 1727 1166 1788 eius
1184 1753 1212 1804 15

109 1812 154 1864 ¹⁰⁷
169 1824 202 1882 L.
222 1822 316 1882 Accio
340 1834 429 1900 poeta
453 1843 519 1882 sum
543 1823 647 1883 audire
671 1823 784 1897 solitus,
802 1835 832 1884 et
852 1823 952 1884 dicere
972 1844 1034 1884 non
1055 1823 1167 1885 inculte

168 1920 284 1979 solebat
308 1931 337 1979 et
359 1931 420 1979 erat
440 1940 509 1979 curn
530 1919 634 1980 litteris
655 1921 769 1980 Latinis
791 1933 854 1981 turn
879 1920 968 1982 etiam
991 1921 1112 1982 Graecis
1135 1932 1167 1981 ut

168 2016 352 2094 temporibus
384 2015 440 2076 illis
468 2016 609 2077 eruditus.
653 2021 739 2094 Quae
767 2018 916 2078 tribuebat
948 2019 1029 2080 idem
1057 2018 1168 2080 Accius

168 2114 257 2175 etiam
273 2115 310 2189 Q.
329 2112 463 2173 Maximo
479 2116 511 2174 L.
526 2114 621 2174 Paulli
640 2115 761 2192 nepoti;
782 2127 811 2175 et
825 2136 895 2176 vero
909 2128 979 2177 ante
999 2117 1167 2176 Maximum

168 2211 252 2270 illum
277 2209 456 2287 Scipionem,
480 2231 541 2289 quo
565 2213 644 2272 duce
667 2211 781 2289 privato
804 2213 850 2272 Ti.
875 2214 1029 2274 Gracchus
1050 2214 1167 2274 occisus
1182 2241 1214 2276 20

168 2319 255 2381 esset,
265 2328 334 2368 cum
350 2308 490 2368 omnibus
505 2308 535 2368 in
550 2311 639 2369 rebus
653 2312 862 2371 vehementem
877 2322 941 2370 tum
955 2332 1053 2372 acrem
1068 2311 1168 2372 aiebat

108 2447 155 2496 108
168 2404 199 2465 in
213 2405 344 2466 dicendo
358 2405 455 2466 fuisse.
499 2409 579 2466 Tum
593 2406 683 2467 etiam
698 2411 729 2468 P.
747 2410 892 2468 Lentulus
911 2408 960 2469 ille
974 2408 1112 2487 princeps
1128 2410 1168 2468 ad

169 2523 231 2563 rem
258 2501 410 2580 publicam
437 2505 591 2564 dumtaxat
618 2506 702 2582 quod
726 2525 802 2583 opus
824 2517 902 2566 esset
929 2506 1000 2566 satis
1028 2506 1168 2567 habuisse

169 2601 358 2678 eloquentiae
372 2601 480 2661 dicitur
489 2624 498 2676 3
519 2601 675 2681 isdemque
690 2603 874 2681 temporibus
891 2606 925 2663 L.
942 2604 1047 2664 Furius
1063 2590 1166 2665 Philus

168 2699 299 2775 perbene
315 2698 420 2759 Latine
438 2699 522 2776 loqui
542 2700 701 2777 putabatur
719 2700 933 2778 litteratiusque
952 2723 1043 2780 quam
1057 2703 1166 2778 ceteri;
1181 2727 1212 2778 ²5

169 2797 201 2854 P.
215 2797 356 2855 Scaevola
367 2797 629 2873 valdeprudenter
642 2808 672 2856 et
682 2809 787 2872 acute;
808 2801 897 2876 paulo
911 2799 1001 2859 etiam
1016 2800 1167 2878 copiosius

169 2913 225 2953 nec
254 2895 348 2953 multo
371 2893 469 2953 minus
494 2896 655 2972 prudenter
680 2898 731 2955 M'.
759 2895 910 2956 Manilius.
952 2897 1034 2975 Appi
1059 2899 1168 2961 Claudi

169 2990 316 3062 volubilis,
332 2993 384 3050 sed
399 2994 488 3068 paulo
502 2991 641 3052 fervidior
654 2992 756 3052 oratio,
797 2996 868 3053 Erat
882 2994 913 3053 in
927 2995 1028 3072 aliquo
1043 3016 1169 3056 numero

169 3088 258 3148 etiam
274 3090 317 3148 M.
334 3088 455 3148 Fulvius
470 3091 594 3149 Flaccus
609 3101 639 3150 et
654 3092 687 3152 C.
705 3092 791 3164 Cato,
806 3091 938 3151 Africani
958 3093 1065 3152 sororis
1080 3093 1167 3168 filius,

203 3259 214 3290 1
233 3242 360 3303 dicebant,
374 3243 501 3293 addebant
518 3243 662 3294 Lambinus
778 3262 793 3293 a
811 3249 1068 3298 commentationibus
1080 3251 1167 3313 vulga:

169 3309 432 3357 commendationibus
451 3307 473 3355 L
595 3327 624 3358 12
641 3311 732 3373 quibus
755 3313 845 3361 aderat
864 3315 949 3362 Carbo
967 3316 1019 3362 secl.
1041 3314 1171 3364 Eberhard

172 3388 210 3433 13.
226 3389 254 3432 14
272 3390 347 3435 quarn
361 3410 367 3422 .
382 3410 388 3422 .
404 3411 411 3424 .
425 3375 483 3422 tulit
494 3374 545 3422 secl.
559 3375 628 3423 Bake
721 3378 751 3424 18
768 3378 893 3426 tribuebat
909 3379 1059 3428 Tallemand
1066 3380 1168 3430 codicem

169 3439 292 3499 insertoris
308 3445 498 3487 notaesecutus:
515 3440 638 3489 tribuerat
652 3441 673 3487 L
775 3457 806 3502 25
825 3444 939 3503 perbelle
949 3444 1044 3492 BHM¹
1112 3447 1168 3494 lite·

170 3511 291 3566 ratusque
308 3502 415 3551 BHMG
546 3507 578 3553 28
595 3507 686 3556 oratio.
720 3507 781 3555 Erat
800 3508 940 3558 Friedrich:
959 3511 1041 3558 oratio
1059 3519 1115 3559 erat
1126 3509 1168 3560 L:

169 3570 259 3618 oratio.
295 3568 375 3618 Erant
394 3568 521 3618 Weidner:
540 3579 595 3619 erat
607 3572 687 3620 oratio
698 3573 766 3635 vrrlgr.
