2588 4178
409 456 804 544 PRAEFATIO

144 665 321 726 Crcnnorus
352 665 488 725 anrvu
522 684 558 726 ex
590 663 684 725 oculis
716 661 873 724 hominum
906 660 959 723 diu
986 681 1105 741 prorsus

102 761 261 823 evanuisse
281 761 352 822 satis
376 773 483 822 notum
503 773 557 823 est.
601 763 681 822 Nnm
705 780 769 822 non
792 759 850 821 nisi
869 778 898 820 n.
915 776 938 820 s
964 777 1104 820 ucoxxu

102 860 209 920 Laude
226 858 372 938 Pompeia
384 858 522 922 inventus
536 869 582 920 est
597 877 616 919 a
629 859 764 920 Gerardo
778 856 949 919 Landriano
962 855 1106 936 episcopo

101 958 201 1018 codex
218 956 268 1019 ille
289 956 465 1032 Laudensis,
486 955 629 1035 quicum
650 955 742 1017 libros
762 957 802 1017 de
823 955 949 1017 Oratore
963 953 1102 1039 integros,

102 1066 168 1115 tum
181 1053 292 1115 librum
306 1056 345 1116 de
359 1053 445 1116 claris
465 1053 632 1115 oratoribus
653 1052 706 1132 qui
728 1054 837 1115 Brutus
851 1051 1030 1127 inscribitur,
1044 1071 1106 1113 una

101 1173 174 1213 cum
187 1152 269 1214 Tulli
283 1153 409 1215 Oratore
428 1151 481 1232 qui
496 1154 537 1214 nd
558 1154 685 1213 Brutum
699 1151 827 1231 scriptus
844 1162 907 1213 erat
920 1149 1102 1212 continebat.

102 1250 271 1312 Laudensis
285 1251 409 1330 quidem
426 1250 491 1330 ipse
509 1249 612 1312 nescio
633 1269 695 1328 quo
716 1269 788 1311 casu
809 1232 880 1310 mox
899 1247 986 1327 periit
1004 1267 1104 1327 neque

102 1347 263 1427 quisquam
285 1360 353 1429 post
376 1368 491 1410 annum
515 1365 688 1409 uenxxvur
712 1367 782 1410 eum
810 1346 905 1409 vidit:
933 1347 988 1408 sed
1009 1366 1104 1408 exeo

101 1446 271 1525 transcripti
282 1458 352 1510 sunt
364 1447 473 1525 plures,
488 1445 650 1524 exquibus
665 1444 796 1506 manavit
810 1443 1022 1523 exemplarium
1033 1443 1104 1505 satis

102 1564 211 1623 magna
238 1543 334 1622 copia
388 1546 508 1605 Horum
536 1563 607 1605 vero
631 1563 709 1604 unus
737 1541 868 1622 optimus
895 1553 961 1604 esse
988 1541 1105 1604 videtur

101 1662 193 1720 quem
207 1649 385 1721 sequautur:

137 1775 168 1828 F
175 1798 203 1820 =
214 1775 277 1830 cod.
286 1773 466 1830 Florentinus
475 1772 752 1845 Mnglinbecchianus
765 1788 787 1829 1.
801 1787 871 1840 1.14.
879 1789 955 1827 anno
965 1784 1103 1828 mcnxxtt

244 1863 290 1918 vel
321 1873 473 1918 ucoxxm
502 1871 641 1930 exaratus,
665 1871 693 1917 et
718 1861 838 1917 sortasse
860 1878 895 1917 ex
919 1859 980 1931 ipso
1007 1860 1104 1916 codice

245 1948 599 2020 Laudensitranscripttts:
618 1947 685 2004 olim
705 1947 815 2004 Nicolai
828 1949 865 2004 de
878 1946 997 2004 Nicolis.

101 2064 211 2141 Neque
229 2081 300 2124 vero
314 2063 410 2123 multo
424 2060 585 2123 deteriores
599 2072 669 2123 sunt

136 2178 164 2232 B
177 2200 206 2222 =
219 2175 282 2234 cod.
291 2176 500 2232 ottobonianus
515 2189 592 2248 1592,
602 2195 619 2230 a
630 2175 728 2231 Flavio
741 2176 851 2231 Blando
863 2173 931 2232 satis
942 2173 1104 2231 {estinanter

245 2263 400 2335 exscriptus
412 2282 430 2318 a
441 2263 523 2320 nonis
535 2265 573 2319 ad
586 2263 649 2319 idus
661 2264 800 2320 Octobres
812 2275 950 2319 ucoxxu

139 2353 164 2409 0
177 2376 205 2399 =
217 2353 281 2408 cod.
291 2350 499 2408 ottobonianus
511 2364 590 2423 2057,
598 2369 632 2407 ex
642 2353 796 2423 archetypo
810 2349 955 2406 Laudensi
963 2361 1102 2406 correctus

244 2450 378 2496 ucnxxv

138 2528 165 2582 G
175 2549 204 2572 ι
217 2525 281 2582 cod.
295 2524 500 2597 Neapolitanus
514 2525 550 2581 iv.
563 2527 586 2580 B
598 2540 633 2595 43

136 2617 174 2671 H
180 2637 209 2660 ι
222 2615 284 2670 cod.
298 2612 505 2684 Neapolitanus
516 2613 551 2668 iv.
566 2616 590 2669 B
608 2614 644 2683 36

136 2702 178 2756 M
185 2725 213 2747 a
224 2701 288 2757 cod
301 2699 471 2757 Mutinensis
482 2699 519 2756 vi
532 2701 559 2755 D
573 2701 591 2757 6

142 2826 191 2884 Ex
210 2821 257 2884 his
281 2823 372 2885 ΜΘ
402 2821 496 2901 magis
522 2821 599 2885 inter
626 2843 658 2885 se
685 2823 789 2885 affines
815 2843 881 2885 esse
903 2822 1051 2897 videntur,
1073 2835 1102 2882 et

99 2922 215 2983 BHM
228 2919 553 3001 cognationequadam
566 2920 674 2983 artiore
687 2941 753 2983 esse
766 2920 920 2983 coniuncti
933 2943 940 2981 :
960 2920 1018 2981 illis
1032 2940 1102 2981 vero

99 3019 203 3099 potius
216 3020 292 3080 fides
306 3028 352 3081 est
371 3018 529 3080 habenda:
550 3038 650 3099 neque
670 3019 753 3099 parvi
772 3019 927 3082 faciendae
943 3030 1017 3080 sunt
1041 3038 1102 3079 cor·

98 3116 249 3180 rectiones
263 3115 295 3177 in
312 3115 407 3196 0(0¹
419 3116 521 3198 vetus).

243 3249 270 3305 L
283 3265 477 3305 -consensus
489 3247 618 3304 codicum
631 3249 817 3305 FBOGHM.

129 3366 192 3446 ‚De
210 3361 316 3424 codice
329 3360 391 3443 (D)
405 3360 540 3423 Parisino
553 3380 639 3438 7704,
651 3383 741 3442 quem
756 3364 952 3423 laudaverunt
966 3361 1059 3424 Orelli
1072 3375 1102 3424 et

98 3462 237 3537 Ellendt,
256 3479 319 3521 non
337 3459 408 3522 satis
428 3471 547 3521 constat
560 3461 647 3521 unde
668 3461 776 3522 ductus
795 3460 840 3520 sit.
884 3461 944 3521 Sed
958 3459 1101 3520 lectiones

96 3560 150 3622 hic
164 3557 225 3620 illic
238 3577 302 3621 non
315 3559 498 3638 spernendas
518 3558 649 3639 praebet.
690 3561 841 3620 Venetum
854 3557 984 3638 priorem
998 3568 1101 3636 utpote
