2588 4178
311 728 364 802 M.
410 727 591 802 TVLLI
640 729 974 805 CICERONIS

222 916 649 1004 PA'RTITIONES
695 929 1067 1006 ORATORIAE

178 1181 316 1242 Cresco.
360 1175 482 1256 Studeo‚
499 1180 541 1242 mi
560 1194 651 1260 pater,
668 1175 775 1242 Latine
789 1203 825 1243 ex
842 1193 871 1242 te
890 1180 993 1242 audire
1012 1201 1048 1242 ea
1067 1151 1171 1278 quae}

143 1277 217 1339 mihi
234 1290 267 1340 tu
286 1282 325 1341 de
346 1279 460 1341 ratione
479 1277 601 1340 dicendi
621 1281 735 1340 Graece
756 1278 910 1352 tradidisti,
931 1278 956 1339 si
977 1281 1070 1345 modo
1090 1277 1145 1339 tibi

142 1387 188 1436 est
202 1377 298 1439 otium
317 1388 347 1438 et
366 1376 392 1438 si
405 1377 458 1440 vis.
502 1380 619 1438 Parsa.
662 1376 712 1436 An
732 1386 785 1449 est,
802 1375 844 1436 mi
858 1376 973 1450 Cicero,
990 1379 1073 1455 quod
1089 1395 1151 1456 ego>

135 1473 246 1533 malim
270 1494 362 1552 quam
386 1485 530 1553 tequam
555 1471 762 1536 doctissimum
791 1476 880 1534 esse?
915 1473 1019 1537 Otium
1043 1485 1145 1536 autern

115 1570 272 1654 5primum
297 1583 342 1633 est
366 1593 526 1646 summum,
547 1571 874 1651 quoniamaliquando
896 1574 996 1633 Roma
1016 1571 1145 1634 exeundi

143 1681 275 1747 potestas
290 1671 359 1730 data
373 1681 418 1731 est
427 1692 436 1745 ;
457 1669 568 1732 deinde
587 1669 643 1731 ista
662 1680 714 1730 tua
732 1668 831 1730 studia
845 1671 891 1730 vel
909 1669 1045 1731 maximis
1059 1685 1160 1732 occu.

143 1763 315 1844 petionibus
339 1767 414 1828 meis
441 1769 617 1828 anteferrem
641 1767 776 1828 libenter.
823 1768 858 1828 C.
874 1766 968 1828 Visne
995 1767 1090 1847 igitur,
1113 1780 1172 1831 uta

144 1877 176 1923 tu
196 1885 245 1925 me
263 1867 377 1925 Graece
396 1867 474 1926 soles
495 1865 600 1925 ordine
621 1864 807 1941 interrogare,
827 1863 869 1924 sic
889 1884 947 1943 ego
968 1876 997 1926 te
1016 1865 1144 1927 vicissim

140 1961 239 2022 *isdem
268 1963 307 2022 de
335 1961 423 2024 rebus
452 1961 558 2032 Latine
586 1961 788 2039 interrogem?
826 1963 858 2021 P.
882 1963 971 2037 Sane,
987 1962 1018 2025 si
1038 1964 1144 2042 placet.

101 2089 130 2124 10
144 2059 193 2120 Sic
217 2059 298 2120 enim
320 2064 427 2138 elego
450 2071 480 2120 te
505 2055 677 2122 meminisse
699 2050 870 2145 intellegam
893 2079 970 2137 quae
994 2061 1144 2138 accepisti,

143 2169 173 2218 et
193 2169 225 2217 tu
244 2157 349 2233 ordine
370 2157 474 2219 audies
497 2177 574 2234 quae
596 2156 734 2235 requires.
778 2158 813 2218 C.
835 2158 919 2232 Quot
939 2156 970 2216 in
990 2158 1080 2235 partis
1099 2157 1172 2226 tri-3

143 2256 265 2316 buenda
292 2266 337 2316 est
365 2253 463 2314 omnis
490 2253 627 2315 doctrina
654 2253 798 2315 dicendi?
833 2257 866 2315 P.
881 2253 957 2314 Tris.
1001 2256 1035 2317 C.
1059 2257 1146 2318 Cedo

144 2355 242 2431 quas?
277 2355 309 2413 P.
331 2352 464 2413 Primum
490 2353 521 2413 in
546 2352 641 2432 ipsam
662 2351 722 2412 vim
748 2351 881 2426 oratoris
901 2351 1017 2414 deinde
1032 2352 1063 2413 in
1085 2373 1147 2413 ora·

144 2450 266 2525 tionem,
289 2461 353 2511 tum
381 2451 412 2512 in
441 2451 656 2530 quaestionem.
704 2452 738 2512 C.
769 2452 807 2510 In
835 2469 896 2528 quo
924 2461 969 2511 est
992 2450 1057 2528 ipsa
1080 2451 1147 2532 ris?

101 2575 129 2626 ¹5
145 2552 177 2610 P.
202 2552 238 2609 In
260 2550 349 2610 rebus
370 2561 400 2611 et
419 2549 450 2610 in
469 2547 574 2610 verbis.
618 2549 678 2609 Sed
698 2559 728 2616 et
747 2551 793 2608 res
813 2558 843 2608 et
858 2548 948 2608 verba
966 2547 1148 2610 invenienda

144 2659 214 2708 sunt
231 2658 262 2725 et
282 2649 477 2708 conlocanda.
524 2645 646 2724 Proprie
670 2656 771 2707 autem
793 2644 825 2704 in
848 2644 937 2706 rebus
958 2644 1100 2720 invenire,
1115 2646 1147 2707 in

143 2744 241 2806 verbis
260 2744 361 2822 eloqui
375 2744 491 2805 dicitur.
535 2744 702 2805 Conlocare
721 2755 831 2827 autem,
846 2741 902 2803 etsi
916 2753 961 2803 est
969 2763 1145 2817 commune,

143 2854 244 2903 tamen
264 2845 303 2903 ad
322 2841 536 2902 inveniendum
555 2842 686 2901 refertur.
729 2843 798 2901 Vox
818 2851 918 2901 motus
936 2842 1035 2901 vultus
1056 2853 1146 2919 atque

144 2940 243 3001 omnis
264 2939 343 3000 actio
363 2937 525 3017 eloquendi
547 2957 649 3000 comes
673 2949 737 3012 est;
764 2957 866 2998 earum
888 2957 985 2998 rerum
1010 2939 1145 2999 omnium

98 3060 130 3096 20
143 3049 245 3099 custos
273 3036 425 3099 memoria.
472 3038 506 3097 C.
532 3035 639 3112 Quid?
667 3033 809 3096 orationis
836 3046 911 3112 quot
935 3045 1004 3095 sunt
1026 3039 1174 3112 partes?4

143 3140 176 3197 P.
198 3138 354 3212 Quattuor.
399 3137 510 3194 Earum
530 3135 608 3194 duae
629 3136 728 3194 valent
746 3134 786 3193 ad
806 3153 868 3193 rem
888 3134 1066 3206 docendam,
1082 3153 1146 3193 nar-

143 3232 218 3294 ratio
238 3245 267 3294 et
287 3231 475 3293 confirmatio
485 3252 494 3306 3
520 3233 560 3292 ad
579 3231 778 3309 impellendos
798 3229 915 3290 animos
936 3232 1023 3304 duae,
1040 3230 1145 3307 princi-

176 3407 191 3438 α
209 3390 318 3439 simodo
329 3389 397 3465 vulg.
412 3406 418 3437 :
435 3389 511 3438 modo
523 3388 564 3452 Pp
675 3389 706 3437 16
723 3387 872 3458 collocanda
883 3387 949 3451 vulg.
963 3402 969 3434 ε
985 3384 1145 3498 locanda?

142 3456 259 3505 invenire
270 3456 357 3518 vulg.:
373 3454 521 3504 inveniri?
599 3477 602 3482 ·
647 3468 678 3515 ¹9
695 3460 749 3513 est;
766 3454 949 3516 earumvulg.:
968 3466 1092 3500 srearum
1138 3469 1143 3500 :

141 3529 198 3571 est:
215 3522 261 3570 sed
273 3536 363 3570 earum
373 3516 410 3572 ed.
422 3520 513 3571 Rom.:
531 3522 578 3569 sed
591 3535 676 3568 rerum
690 3517 768 3567 Orelli
863 3533 894 3567 aa
911 3517 1046 3580 pellendos
1052 3524 1073 3580 p
