2588 4178
485 210 729 273 PRAEFATIO

102 372 192 453 sequi
216 375 314 437 solent
335 373 472 437 editores.
527 376 659 450 Ceteros,
683 395 760 455 quos
788 372 917 436 excussit
948 373 1110 448 Friedrich,

103 472 203 533 multo
220 470 343 534 minoris
361 491 427 534 esse
441 471 515 551 preti
531 470 593 534 iure
612 475 736 546 ducunt,
752 482 856 551 utpote
871 470 990 532 decimo
1005 469 1111 548 quinto

103 569 231 630 demum
251 570 371 629 saeculo
392 568 493 647 scripti
515 567 582 644 sint,
605 579 635 630 et
658 570 802 630 Italorum
825 567 1005 629 coniecturis
1025 567 1110 629 inter·

103 664 209 746 polati.
240 667 344 745 Nuper
354 676 455 727 tamen
464 666 681 728 demonstravit
691 665 830 728 Hedicke
840 685 901 726 non
912 663 987 726 nihil
997 667 1110 726 fructus

103 783 172 826 esse
187 765 352 843 petendum
367 783 403 826 ex
417 763 523 825 codice
538 763 673 825 Parisino
690 781 765 842 7347
779 762 868 843 (saec.
885 763 935 841 xi),
948 762 1033 824 cuius
1052 783 1111 842 ope

103 864 199 923 fretus
231 859 395 923 editionem
426 861 607 940 peculiarem
638 860 726 922 huius
756 859 849 923 libelli
877 859 961 922 dedit
988 860 1019 921 in
1047 881 1112 940 pro

103 970 270 1040 grammate
280 958 393 1039 (Sorav.
407 957 534 1040 Lusat.).
569 959 728 1038 Specimen
740 957 825 1021 dedit
834 959 999 1032 Chatelain,
1010 961 1111 1020 Palla

100 1057 228 1136 graphio
238 1059 353 1130 Latr'ne,
366 1059 405 1136 pl.
416 1078 453 1116 xx
464 1077 491 1117 a.
521 1059 644 1118 Testem
656 1056 705 1118 hic
716 1055 775 1118 illic
787 1076 856 1118 cum
868 1056 942 1134 siglo
951 1057 1109 1118 Padduxi.

94 1155 165 1232 s=
179 1155 246 1216 cod.
269 1153 510 1234 Vitebergensis:
545 1174 676 1233 quocum
698 1154 890 1216 consentiunt
914 1156 975 1217 fere
999 1154 1112 1233 ubique

104 1274 126 1314 r
137 1276 169 1306 =
184 1254 250 1314 cod.
264 1255 331 1314 Vat
344 1252 451 1330 Regin.
466 1255 539 1328 1841
558 1263 587 1314 et
601 1273 618 1312 0
630 1276 661 1305 =
675 1254 742 1314 cod.
759 1252 983 1314 Ottobonianus
998 1272 1082 1330 1449.

149 1352 366 1413 ertr1rrorrss
380 1351 567 1413 Oxrronrxs
581 1351 725 1432 praebent
739 1350 801 1411 duo
819 1351 889 1412 satis
904 1350 976 1412 boni
990 1350 1112 1412 codices

107 1447 243 1522 Parisini,
255 1450 376 1510 saeculo
387 1448 507 1510 decimo
517 1448 637 1528 scripti:
659 1451 692 1509 P
701 1473 732 1501 =
746 1450 813 1510 cod.
827 1448 977 1510 Parisinus
994 1467 1029 1524 72
1033 1453 1068 1526 3'1
1082 1461 1112 1509 et

98 1556 127 1626 p
139 1569 172 1598 =
186 1547 254 1608 cod.
271 1544 421 1607 Parisinus
438 1550 524 1625 7696.
560 1549 617 1608 1110
629 1565 700 1608 usus
711 1557 759 1608 est·
771 1549 905 1624 Kayser:
927 1548 985 1607 hoc
1000 1545 1112 1624 primus

108 1643 272 1707 Friedrich.
316 1642 416 1707 Ceteri
430 1643 550 1706 decimo
564 1644 670 1724 quinto
685 1647 805 1706 saeculo
820 1643 957 1724 exscripti
972 1664 1033 1705 non
1049 1643 1113 1705 sine

107 1745 207 1804 fructu
227 1741 361 1804 adeundi
382 1752 460 1803 sunt.
504 1744 701 1822 Erlaugenses
722 1753 780 1803 tres
801 1741 848 1820 (E
859 1767 890 1795 =
903 1763 927 1817 e,
948 1744 975 1816 b,
995 1742 1024 1819 z)
1044 1761 1113 1802 con·

107 1840 177 1901 tulit
201 1840 346 1913 Stroebel,
369 1838 592 1919 Redigeranum
617 1839 682 1922 (R),
698 1839 944 1921 Vitebergensem
970 1839 1024 1920 (f)
1046 1851 1114 1919 post

107 1937 184 1999 alios
198 1936 359 2012 Friedrich,
376 1937 425 1998 cui
439 1937 642 1999 conlationem
656 1938 762 2000 debeo.

150 2038 354 2110 Torucortvrr,
368 2034 480 2115 quippe
495 2056 573 2115 quae
586 2036 618 2096 in
632 2056 707 2098 aevo
721 2038 805 2115 quod
819 2034 902 2097 aiunt
918 2035 1019 2098 medio
1033 2034 1113 2096 lecti·

108 2144 172 2195 tata
205 2133 273 2208 sint,
302 2132 430 2212 plurima
465 2145 581 2195 exstant
615 2133 801 2212 exemplaria
850 2137 987 2212 Quorum
1019 2153 1113 2194 unum

109 2230 195 2310 quasi
220 2233 335 2293 sontem
359 2231 488 2310 repperit
516 2253 611 2311 nuper
636 2231 809 2294 Friedrich:
837 2231 862 2292 is
887 2243 932 2293 est
960 2233 1031 2293 0:
1045 2232 1112 2292 cod.

110 2327 337 2391 Ottobonianus
354 2333 440 2404 1406,
456 2349 532 2391 saec.
544 2352 576 2407 >x,
591 2351 722 2409 quocum
742 2329 861 2409 saepius
881 2327 1030 2391 consentit
1045 2329 1112 2389 cod.

110 2425 334 2505 Vitebergensis
348 2424 414 2505 (f).
457 2429 591 2489 Alteram
610 2448 680 2490 vero
698 2427 841 2489 familiam
860 2429 975 2489 ducunt
994 2426 1114 2486 codices

110 2523 252 2586 Vossiaui
263 2525 369 2605 :-(A)
382 2549 414 2577 =
428 2527 495 2586 cod.
511 2527 599 2593 Voss.
621 2530 671 2600 84,
685 2546 761 2587 saec.
782 2547 809 2599 x,
826 2524 882 2607 (B)
897 2550 928 2578 =
942 2526 1008 2586 cod.
1024 2525 1111 2584 Voss.

111 2624 159 2696 86,
180 2641 257 2682 saec.
278 2643 307 2698 x,
327 2620 384 2702 (m)
397 2646 429 2674 =
443 2625 511 2685 cod.
535 2625 628 2684 Marc.
651 2641 717 2702 257,
738 2643 814 2685 saec.
836 2645 861 2683 x.
907 2625 1024 2683 Harum
1046 2641 1115 2681 con·

110 2718 292 2781 sentientem
306 2719 466 2781 lectionem
481 2720 556 2800 siglo
567 2725 596 2782 A
609 2721 750 2782 indicavit
763 2719 923 2782 Friedrich.
961 2723 1115 2780 Praeterea

110 2815 239 2878 notandi
249 2827 318 2878 sunt
329 2819 536 2896 Sangallenses
545 2819 582 2900 (b,
594 2839 615 2895 c,
627 2820 663 2900 d)
672 2831 730 2880 tres
742 2817 774 2897 (8
777 2840 826 2897 30,
837 2821 905 2896 854,
922 2821 980 2877 818
995 2835 1070 2877 saec.
1088 2837 1116 2890 x,

109 2914 162 2992 xi),
180 2912 396 2977 Einsiedlensis
411 2915 457 2997 (a)
470 2936 548 2977 unus
568 2936 627 2994 324
641 2915 731 2999 (saec.
751 2916 795 2997 x),
804 2914 968 2977 Vossianus
985 2934 1022 2990 70
1034 2911 1116 2994 (V);

109 3023 141 3076 et
156 3011 208 3072 alii
221 3012 328 3091 plures.
372 3015 441 3074 Hos
462 3032 576 3088 omnes,
593 3013 755 3093 siquando
774 3033 850 3092 opus
871 3024 941 3087 erat,
957 3033 1027 3074 cum
1042 3011 1116 3089 siglo

108 3111 189 3170 codd.
212 3111 278 3170 dett.
304 3108 395 3172 citare
423 3110 494 3172 satis
521 3131 587 3173 esse
612 3111 690 3173 duxi.
743 3110 864 3173 Indices
892 3110 1049 3171 nominum
1077 3109 1116 3170 ad

109 3212 240 3272 Brutum
255 3217 372 3269 tantum
386 3219 417 3269 et
430 3210 470 3270 ad
481 3209 638 3272 Oratorem
653 3229 787 3271 seorsum
801 3211 912 3270 addere
927 3207 1116 3269 commodius

108 3326 179 3370 esse
194 3305 362 3384 legentibus
375 3306 486 3386 putavi.

922 3441 957 3499 A.
981 3440 1008 3499 S.
1029 3440 1073 3498 W.

179 3546 315 3598 Mancum'r'

229 3629 269 3682 Id.
281 3629 438 3683 Fetarcruu.
