2588 4178
564 199 743 262 omron
1116 215 1215 279 arm

155 374 350 442 praetereunt,
366 383 428 423 non
443 363 545 424 vident
560 364 768 426 mollissimum
785 386 804 426 a
822 386 887 427 sese
908 387 1067 429 numerum
1084 388 1155 429 eun·

153 463 286 539 demque
313 461 528 539 amplissimum
557 463 714 540 praeteriri.
766 466 858 540 Quod
886 466 973 543 longe
1001 465 1154 529 Aristoteli

154 560 271 621 videtur
298 581 392 634 secus,
418 560 470 638 qui
494 559 606 621 iudicat
630 563 755 629 heroum
782 582 940 623 numerum
964 564 1152 641 grandiorem

153 677 244 735 quam
266 658 414 719 desideret
435 660 532 718 soluta
552 657 655 733 orati0,
674 657 807 719 iambmn
828 670 929 721 autem
951 660 1039 721 nimis
1058 682 1075 723 e
1092 664 1153 721 vul-

125 770 138 818 5
152 755 214 834 gari
228 777 293 817 esse
310 777 455 817 sermone.
500 758 547 816 Ita
565 777 664 834 neque
682 757 827 818 humilem
841 770 871 818 et
885 757 1032 819 abiectam
1047 759 1153 820 oratio

153 874 222 914 nem
240 875 297 915 nec
314 854 402 914 nimis
418 856 508 914 altam
524 864 553 915 et
567 866 770 932 exaggeratam
783 855 899 934 probat,
916 859 1035 934 plenam
1050 868 1151 917 tamen

153 971 220 1011 eam
240 955 303 1013 vult
328 973 393 1013 esse
414 951 572 1030 gravitatis,
593 963 625 1011 ut
648 972 700 1012 eos
725 952 777 1030 qui
801 953 924 1014 audient
945 954 985 1014 ad
1007 953 1149 1016 maiorem

151 1049 379 1110 admirationem
394 1049 489 1128 possit
502 1052 665 1110 traducere.
708 1053 898 1111 Trochaeum
914 1064 1023 1125 autem,
1039 1052 1091 1130 qui
1106 1065 1151 1114 est
1166 1061 1212 1115 ¹9³

151 1149 259 1208 eodem
284 1148 381 1226 spatio
403 1168 464 1226 quo
488 1150 622 1221 choreus,
646 1149 805 1208 cordacem
829 1150 967 1226 appellat,
989 1148 1060 1226 quia
1082 1170 1152 1210 con-

108 1257 139 1293 10
151 1245 255 1306 tractio
270 1257 300 1305 et
314 1245 441 1306 brevitas
460 1245 634 1323 dignitatem
654 1265 716 1305 non
735 1244 853 1305 habeat.
897 1247 944 1305 lta
957 1265 1072 1323 paeana
1085 1267 1150 1325 pro

151 1344 202 1402 bat
216 1363 313 1420 eoque
327 1343 367 1403 ait
382 1343 425 1403 uti
439 1342 547 1417 omnis,
561 1345 615 1403 sed
629 1341 710 1419 ipsos
726 1362 788 1402 non
802 1341 911 1402 sentire
928 1362 997 1402 cum
1012 1355 1150 1419 utantur;

149 1460 215 1500 esse
233 1453 333 1500 autem
354 1440 472 1501 tertium
492 1460 527 1500 ae
546 1439 679 1501 medium
699 1439 775 1499 inter
788 1439 863 1514 illos,
880 1451 910 1500 et
923 1439 964 1499 ita
982 1443 1076 1501 factos
1096 1462 1147 1503 eos

149 1540 242 1615 pedes
261 1559 333 1613 esse,
350 1538 427 1599 utin
442 1538 484 1598 eis
502 1538 624 1616 singulis
644 1539 752 1598 modus
766 1537 836 1598 insit
850 1550 901 1598 aut
916 1539 1084 1623 sesquiplex
1096 1553 1148 1601 aut

149 1638 259 1713 duplex
283 1649 335 1697 aut
355 1657 415 1715 par.
463 1638 570 1714 Itaque
593 1636 636 1696 illi
660 1635 829 1714 dequibus
854 1648 925 1697 ante
948 1635 1009 1697 dixi
1031 1648 1146 1699 tantum

106 1747 135 1798 ¹5
149 1737 242 1795 modo
261 1735 482 1796 commoditatis
500 1735 669 1796 habuerunt
685 1734 840 1808 rationem,
856 1737 968 1794 nullam
986 1735 1144 1813 dignitatis.

149 1833 272 1892 Iambus
287 1832 367 1892 enim
382 1845 411 1893 et
425 1835 560 1910 dactylus
574 1833 605 1892 in
619 1852 737 1893 versum
752 1834 864 1893 cadunt
879 1831 1025 1906 maxime;
1045 1832 1146 1911 itaque
1162 1847 1210 1899 194

147 1941 180 1990 ut
195 1951 312 1990 versum
333 1930 462 2009 fugimus
483 1930 514 1990 in
535 1930 677 2004 oratione,
696 1930 739 1991 sic
759 1930 791 1990 hi
812 1940 881 1990 sunt
902 1930 1033 1991 evitandi
1054 1930 1146 1992 conti·

147 2027 230 2087 nuati
245 2029 356 2105 pedes;
379 2028 461 2089 aliud
479 2027 560 2089 enim
575 2027 719 2105 quiddam
738 2039 783 2089 est
798 2027 893 2088 oratio
908 2047 964 2088 nec
983 2027 1144 2106 quicquam

146 2124 295 2185 inimicius
306 2146 395 2204 quam
411 2125 461 2186 illa
470 2125 623 2200 versibus3
640 2145 736 2203 paean
750 2137 851 2213 autem
866 2125 989 2186 minime
1003 2136 1048 2186 est
1058 2138 1145 2204 aptus

103 2245 135 2282 πο
146 2223 186 2283 ad
199 2243 326 2298 versum,
336 2244 398 2302 quo
411 2223 552 2284 libentius
566 2243 636 2284 eum
650 2222 761 2300 recepit
775 2215 879 2284 oratio.
923 2225 1061 2300 Ephorus
1075 2245 1145 2285 vero

145 2341 184 2381 ne
202 2323 370 2399 spondeum
389 2322 521 2399 quidem,
537 2341 628 2400 quem
645 2320 728 2398 sugit,
743 2319 886 2398 intellegit
905 2340 970 2381 esse
988 2324 1144 2398 aequalem

144 2419 272 2495 dacty10‚
299 2439 389 2496 quem
417 2421 530 2496 probat.
581 2417 707 2496 Syllabis
735 2417 817 2479 enim
845 2417 1014 2479 metiendos
1041 2421 1142 2497 pedeS,

145 2535 207 2575 non
227 2515 386 2576 intervallis
405 2515 571 2589 existimat;
592 2516 675 2593 quod
693 2514 774 2576 idem
793 2515 864 2576 facit
877 2514 909 2574 in
925 2516 1076 2589 trochaeo,
1092 2516 1144 2594 qui

145 2614 329 2690 temporibus
350 2625 380 2674 et
398 2613 557 2674 intervallis
579 2624 624 2674 est
640 2634 693 2692 par
713 2614 825 2688 iambo,
839 2614 892 2674 sed
914 2633 951 2674 eo
970 2612 1093 2674 vitiosus
1112 2614 1143 2675 in

101 2730 132 2780 ²5
144 2711 285 2783 oratione,
302 2711 327 2771 si
340 2723 468 2789 ponatur
482 2722 639 2786 extremus,
649 2714 731 2789 quod
746 2712 836 2772 verba
851 2710 956 2771 melius
971 2710 1001 2770 in
1016 2711 1142 2787 syllabas

143 2808 291 2886 longiores
305 2812 425 2870 cadunt.
462 2811 563 2887 Atque
576 2812 660 2882 haec,
673 2829 750 2886 quae
765 2818 834 2869 sunt
848 2809 930 2885 apud
940 2807 1140 2882 Aristotelem,

143 2907 249 2965 eadem
270 2927 288 2965 a
306 2909 516 2983 Theophrasto
534 2908 769 2984 Theodecteque
793 2907 833 2967 de
856 2925 970 2983 paeane
992 2905 1140 2967 dicuntur.

143 3004 209 3080 Ego
230 3015 330 3064 autem
349 3004 446 3064 sentio
465 3003 563 3063 omnis
584 3003 615 3063 in
637 3003 770 3064 oratione
791 3023 856 3063 esse
877 3001 962 3079 quasi
981 3002 1141 3078 permixtos
1156 3029 1203 3080 ¹9⁵

142 3111 171 3161 et
196 3103 337 3162 confusos
361 3102 462 3178 pedes,
485 3121 541 3161 nec
569 3101 649 3162 enim
677 3103 805 3178 effugere
829 3118 984 3178 possemus
1008 3098 1142 3161 animad-

97 3219 129 3267 30
142 3197 317 3271 versionem,
336 3197 360 3257 si
380 3217 497 3274 semper
517 3197 613 3259 isdem
631 3200 791 3271 uteremur,
811 3194 881 3275 qula
905 3217 961 3256 nec
982 3217 1140 3258 numerosa

175 3367 189 3412 5
207 3360 232 3399 et
248 3354 372 3401 abiectam
390 3353 548 3402 Lambinus:
572 3369 620 3401 nec
636 3351 796 3402 abiectamL
895 3368 909 3412 7
927 3352 1031 3400 audiant
1049 3352 1141 3401 malunt

140 3415 241 3465 Ernesti
331 3431 363 3467 ιο
380 3426 405 3467 et
418 3417 535 3481 Sauppe:
552 3426 580 3467 ut
592 3419 614 3466 L
709 3432 739 3477 13
757 3418 834 3466 ineis
849 3417 887 3466 L:
905 3418 1018 3466 numeris
1029 3415 1139 3480 Stangl:

140 3483 179 3531 eis
189 3481 290 3530 Ernesti
401 3498 430 3531 21
450 3484 515 3545 sugit
526 3483 593 3533 codd.
605 3481 660 3532 den.
673 3499 678 3530 :
696 3482 744 3530 suit
755 3480 777 3529 L
876 3497 909 3542 ⁹4
925 3483 1034 3531 vitiosus
1045 3481 1140 3532 Manu·

139 3548 204 3595 tiro:
231 3548 348 3597 vitiosius
372 3547 393 3595 L
498 3550 531 3597 28
547 3549 631 3598 sentio
652 3545 694 3596 L:
722 3563 817 3597 censeo
839 3547 907 3596 Bake
972 3562 1030 3597 esse
1053 3549 1140 3614 vulga:

140 3613 214 3662 estL
