2588 4178
116 201 230 278 1ςφαμε
452 192 496 250 Μ.
525 189 653 250 avim
682 189 916 251 crcuxours

179 358 360 420 aedilitatem
388 369 501 437 peteret
530 357 718 418 Hortensius.
762 356 886 418 Interim
915 377 963 418 me
991 367 1179 434 quaestorem

180 455 340 517 Siciliensis
361 455 477 534 excepit
496 476 601 530 annus,
618 457 709 518 Cotta
729 476 764 516 ex
786 458 943 516 consulatu
964 465 1010 515 est
1030 455 1180 531 profectus

179 553 213 628 in
226 554 362 627 Galliam,
376 553 515 632 princeps
532 566 562 613 et
575 566 637 614 erat
651 565 681 614 et
695 553 860 614 habebatur
875 551 1064 613 Hortensius.
1100 553 1180 613 Cum

179 663 280 713 autem
297 672 382 712 anno
402 663 471 729 post
491 672 527 712 ex
545 650 645 712 Sicilia
664 671 714 712 me
734 650 921 728 recepissem,
942 650 1002 710 iam
1023 649 1181 710 videbatur

180 749 253 810 illud
268 749 300 809 in
314 769 371 823 me,
381 748 525 827 quicquid
539 761 625 823 esset,
636 756 701 810 esse
715 751 879 827 perlectum
893 760 924 820 et
937 749 1048 809 habere
1062 746 1181 809 maturi·
1193 767 1207 816 5

180 858 272 907 tatem
295 848 447 924 quandam
471 867 564 907 suam.
608 847 706 906 Nimis
727 849 820 907 multa
844 845 947 907 videor
969 848 1008 907 de
1032 866 1089 919 me,
1115 847 1180 926 ipse

180 944 351 1022 praesertim
361 965 370 1018 3
391 945 444 1004 sed
461 944 544 1003 omni
562 943 633 1004 huic
653 944 784 1004 sermoni
801 943 987 1021 propositum
1006 956 1052 1004 est
1070 965 1132 1005 non
1147 957 1181 1006 ut

179 1041 332 1120 ingenium
360 1052 391 1102 et
417 1041 619 1118 eloquentiam
652 1061 750 1102 meam
783 1041 950 1121 perspicias,
980 1045 1061 1104 unde
1091 1045 1180 1120 longe

51 1138 54 1144 ’
119 1159 167 1214 3¹9
179 1141 295 1213 absum,
316 1142 369 1200 sed
390 1151 423 1200 ut
443 1141 576 1200 laborem
597 1151 628 1200 et
647 1139 831 1201 industriam.
874 1143 954 1203 Cum
974 1141 1063 1220 igitur
1082 1162 1179 1202 essem

179 1237 210 1297 in
229 1237 363 1316 plurimis
381 1237 478 1297 causis
492 1248 522 1297 et
540 1236 571 1296 in
589 1237 772 1315 principibus
793 1238 925 1316 patronis
939 1239 1179 1316 quinquennium
1195 1254 1226 1290 10

180 1337 241 1396 sere
267 1347 408 1410 versatus,
438 1347 502 1394 tum
529 1335 560 1395 in
590 1335 756 1414 patrocinio
783 1336 929 1397 Siciliensi
958 1336 1120 1398 maximum
1148 1337 1180 1397 in

180 1444 330 1494 certarnen
354 1432 423 1492 veni
450 1431 621 1511 designatus
647 1434 752 1494 aedilis
779 1455 849 1495 cum
877 1433 1032 1513 designato
1056 1438 1180 1496 consule

125 1527 168 1588 93
182 1529 355 1591 Hortensio.
408 1532 468 1605 Sed
496 1530 637 1607 quoniam
666 1532 764 1591 omnis
790 1531 840 1592 hic
868 1552 966 1593 sermo
993 1544 1093 1594 noster
1117 1553 1180 1594 non

181 1630 279 1689 solum
307 1627 563 1689 enumerationem
588 1640 738 1690 oratorum
764 1648 869 1690 verum
896 1629 985 1690 etiam
1021 1625 1179 1709 praecepta

181 1727 330 1803 quaedam
351 1725 508 1799 desiderat,
529 1725 602 1803 quid
625 1738 778 1804 tamquam
803 1717 970 1788 notandum
994 1739 1024 1789 et
1047 1728 1180 1790 animad-
1194 1749 1224 1800 1⁵

119 1844 170 1894 320
181 1824 358 1883 vertendum
379 1823 465 1885 sitin
483 1823 648 1884 Hortensio
668 1824 795 1885 breviter
814 1825 884 1885 licet
904 1823 1010 1886 dicere.
1054 1827 1133 1885 Nam
1154 1826 1180 1886 is

76 1977 78 1982 .
181 1931 250 1996 post
263 1923 584 1987 consulatum—credo
598 1924 681 1998 quod
694 1923 807 1983 videret
821 1943 857 1983 ex
870 1923 1075 1984 consularibus
1089 1921 1181 1982 nemi-

181 2037 252 2077 nem
273 2037 338 2078 esse
359 2038 460 2078 secum
482 2022 726 2097 comparandum,
749 2022 917 2097 neglegeret
936 2032 1036 2080 autem
1059 2019 1180 2097 eosqui

182 2117 320 2175 consules
341 2136 403 2176 non
425 2103 742 2197 fuissent-summum
764 2117 838 2178 illud
866 2137 953 2177 suum
981 2117 1113 2178 studium
1138 2137 1181 2177 re·

182 2211 263 2272 misit
276 2232 337 2289 quo
354 2233 372 2272 a
393 2206 594 2291 puero‘fuerat
607 2214 755 2287 incensus,
770 2226 860 2293 atque
878 2215 910 2274 in
929 2214 1064 2275 omnium
1081 2235 1179 2275 rerum
1194 2237 1226 2272 ao

182 2310 367 2370 abundantia
385 2311 478 2372 voluit
498 2313 625 2387 beatius,
639 2324 672 2372 ut
691 2312 756 2391 ipse
776 2304 911 2390 putabat,
929 2312 1079 2373 remissius
1100 2324 1181 2373 certe

182 2407 287 2468 vivere.
331 2407 447 2469 Primus
464 2420 494 2469 et
512 2412 662 2471 secundus
683 2430 779 2470 annus
796 2423 826 2471 et
843 2409 946 2470 tertius
964 2422 1080 2470 tantum
1095 2409 1181 2487 quasi

182 2506 220 2566 de
241 2505 373 2583 picturae
395 2507 500 2567 veteris
520 2510 620 2568 colore
640 2509 812 2582 detraxerat,
834 2521 980 2586 quantum
1001 2528 1062 2568 non
1084 2506 1181 2586 quivis

182 2623 259 2664 unus
274 2624 310 2664 ex
323 2606 444 2682 populo,
461 2606 515 2666 sed
528 2605 709 2666 existimator
722 2598 829 2666 doctus
848 2618 878 2666 et
891 2605 1065 2683 intellegens
1079 2617 1181 2683 posset

182 2720 370 2778 cognoscere.
399 2701 545 2778 Longius
568 2715 668 2762 autem
690 2706 855 2780 procedens
882 2715 915 2764 ut
939 2703 970 2763 in
994 2704 1098 2765 ceteris
1122 2706 1181 2764 elo
1195 2723 1226 2774 ²5

183 2799 322 2876 quentiae
344 2799 486 2876 partibus,
509 2811 573 2860 tum
596 2799 723 2861 maxime
744 2800 776 2860 in
799 2801 949 2862 celeritate
977 2815 1007 2863 et
1028 2802 1181 2864 continua-

182 2896 264 2957 tio'ne
282 2897 440 2957 verborum
458 2899 682 2970 adhaerescens,
697 2897 743 2958 sui
753 2898 933 2960 dissimilior
946 2900 1102 2962 videbatur
1117 2900 1181 2962 fieri

122 3017 167 3066 321
182 2992 313 3054 cottidie.
357 2995 421 3054 Nos
442 3007 542 3055 autem
563 3016 625 3056 non
646 2995 863 3058 desistebamus
884 3017 953 3057 cum
975 2999 1058 3058 omni
1073 3000 1199 3076 genere'
1276 2987 1277 2991 ¹

51 3077 53 3081 ⁷
183 3090 408 3152 exercitationis¹
427 3104 490 3152 tum
515 3093 643 3154 maxime
668 3093 735 3154 stilo
758 3107 892 3155 nostrum
917 3095 990 3156 illud
1012 3098 1180 3174 quoderat

217 3262 245 3296 11
264 3247 401 3295 maximum
413 3245 491 3295 Rau:
506 3249 617 3297 maxime
628 3245 651 3295 L
730 3264 760 3309 14
776 3258 907 3299 oratorum
920 3249 1079 3300 Lambinus:
1096 3261 1181 3303 orato·

183 3310 292 3361 namu
405 3326 435 3374 17
455 3313 554 3362 videret
580 3312 630 3369 6²:
650 3313 783 3362 videritL
884 3331 916 3375 24
934 3317 1095 3367 existimator
1111 3318 1178 3368 codd.

184 3377 250 3426 det:
272 3383 429 3425 aestumator
438 3375 581 3426 F¹B²M⁹G
603 3394 610 3426 t
628 3380 821 3428 exstumatorC
909 3396 940 3441 25
960 3384 1180 3442 cognoscereF³r

184 3440 432 3556 agnoqcereanlli:
451 3442 494 3491 vix
511 3459 653 3506 agnoscere
670 3443 792 3494 Martha:
808 3461 928 3508 magnum
941 3447 1025 3496 scelus
1037 3447 1059 3495 L
1073 3467 1079 3498 ι
1095 3456 1123 3497 ut
1134 3448 1180 3498 M:

184 3524 241 3558 cum
277 3523 396 3556 amenus
