2588 4178
161 177 182 236 6
198 199 228 248 30
460 177 504 234 M.
533 174 660 234 TVLLI
690 173 924 236 CICERONIS

162 343 289 414 7umeri
313 363 418 404 manus
443 345 534 403 latera
561 363 645 403 crura
670 343 763 420 pedes
787 353 817 401 et
841 352 957 414 cetera;
987 338 1019 399 in
1047 337 1193 400 divisione

194 443 317 516 formae,
338 461 412 518 quas
434 439 541 501 Graeci
563 441 621 517 εἴδη
642 450 758 510 vocant,
781 436 883 511 nostri,
906 436 931 497 si
951 437 1003 515 qui
1024 439 1101 497 haec
1120 438 1194 496 forte

195 549 328 610 tractant,
355 537 470 616 species
494 540 655 616 appellant,
682 557 744 597 non
772 535 902 614 pessime
929 533 961 595 id
989 533 1114 611 quidem
1143 535 1195 594 sed

194 635 336 696 inutiliter
349 637 389 696 ad
410 637 571 696 mutandos
590 654 677 695 casus
696 633 726 693 in
746 632 890 693 dicendo.
930 631 1033 692 Nolim
1051 631 1145 705 enim,
1159 651 1196 690 ne

194 733 218 794 si
234 734 340 795 Latine
355 733 478 812 quidem
493 733 553 794 dici
568 732 670 811 possit,
683 731 849 810 specierum
861 741 891 790 et
905 729 1063 808 speciebus
1078 729 1222 802 dicere35

193 832 333 910 et'saepe
354 831 400 892 his
422 831 540 891 casibus
561 832 708 891 utendum
730 841 793 904 est;
813 840 844 888 at
862 827 965 888 formis
985 839 1015 888 et
1033 829 1196 887 formarum

193 929 291 989 velim.
335 931 413 991 Cum
433 940 534 990 autem
556 941 682 1005 utroque
701 927 793 988 verbo
809 926 891 986 idem
911 925 1100 1004 significetur,
1117 944 1197 985 com·

149 1047 176 1096 3¹
194 1026 370 1087 moditatem
391 1026 422 1085 in
444 1026 574 1087 dicendo
595 1046 658 1086 non
676 1023 801 1084 arbitror
822 1024 1048 1101 neglegendam.
1091 1024 1202 1083 Genus>

193 1135 223 1184 et
236 1126 362 1184 formam
378 1123 526 1193 definiunt
544 1125 603 1183 hoc
623 1123 733 1182 modo:
756 1123 859 1182 Genus
876 1132 921 1181 est
940 1119 1024 1180 notio
1044 1121 1084 1180 ad
1104 1119 1196 1196 pluris

193 1221 374 1281 differentias
392 1220 564 1298 pertinens;
583 1222 679 1281 forma
697 1231 742 1280 est
763 1219 847 1280 notio
866 1219 951 1278 cuius
970 1218 1138 1278 differentia
1156 1219 1251 1278 ad10¹

194 1329 283 1395 caput
310 1317 425 1396 generis
448 1329 478 1378 et
503 1317 588 1396 quasi
611 1320 726 1377 fontem
751 1316 851 1378 referri
878 1326 984 1394 potest.
1029 1315 1196 1376 Notionem

192 1417 312 1493 appello
337 1417 420 1493 quod
446 1415 553 1476 Graeci
577 1427 642 1475 tum
666 1417 773 1476 ἔννοιαν
796 1426 861 1474 tum
885 1415 1038 1492 πρόληψιν.
1081 1416 1128 1474 Ea
1152 1424 1198 1474 est

194 1511 282 1573 insita
307 1524 336 1572 et
360 1512 463 1573 animo
485 1525 645 1590 praecepta
672 1513 818 1590 cuiusque
845 1510 978 1589 cognitio
1005 1509 1198 1572 enodationis

192 1609 338 1687 indigens,
382 1613 508 1670 Formae
533 1620 602 1669 sunt
631 1606 743 1691 [igitur]
769 1630 822 1669 eae
850 1609 881 1669 in
910 1629 984 1686 quas
1011 1628 1106 1686 genus
1131 1608 1197 1668 sine

193 1707 281 1767 ullius
303 1707 563 1786 praetermissione
587 1708 748 1783 dividitur;
776 1719 810 1768 ut
831 1707 856 1767 si
881 1707 949 1784 quis
970 1706 1017 1766 ius
1041 1706 1073 1766 in
1097 1710 1195 1785 legem
1213 1736 1239 1784 15

193 1825 307 1865 morem
336 1805 518 1883 aequitatem
539 1805 661 1866 dividat.
705 1809 829 1866 Formas
848 1805 901 1883 qui
919 1816 1005 1882 putat
1023 1804 1106 1865 idem
1131 1825 1197 1866 esse

194 1905 277 1980 quod
298 1903 397 1981 partis,
418 1903 576 1964 confundit
596 1916 690 1964 artem
712 1915 742 1964 et
762 1902 957 1964 similitudine
976 1904 1108 1980 quadam
1128 1922 1199 1963 con·

194 2001 329 2062 turbatus
352 2021 413 2061 non
437 2001 507 2061 satis
527 2012 616 2062 acute
637 2021 715 2078 quae
736 2012 805 2060 sunt
828 2001 1011 2060 secernenda
1031 1999 1196 2077 distinguit.

149 2122 181 2172 3²
195 2101 291 2176 Saepe
305 2097 394 2159 etiam
406 2099 554 2158 definiunt
565 2111 594 2159 et
605 2111 735 2159 oratores
750 2110 780 2158 et
790 2109 898 2175 poetae
908 2118 961 2176 per
971 2097 1196 2158 translationem

193 2195 276 2256 verbi
304 2216 340 2255 ex
365 2195 559 2256 similitudine
584 2216 653 2256 cum
680 2195 781 2273 aliqua
805 2195 957 2254 suavitate.
1015 2195 1076 2254 Sed
1101 2214 1157 2272 ego
1180 2214 1240 2256 aaa

192 2292 296 2352 vestris
324 2293 467 2370 exemplis
496 2292 552 2352 nisi
581 2293 749 2354 necessario
777 2313 838 2352 non
869 2292 1017 2352 recedam.
1074 2292 1198 2351 Solebat

193 2389 280 2467 igitur
294 2388 434 2466 Aquilius
449 2392 574 2469 conlega
587 2401 617 2451 et
635 2389 786 2450 familiaris
806 2409 900 2461 meus,
917 2408 986 2449 cum
998 2389 1039 2448 de
1060 2387 1198 2449 litoribus

192 2498 335 2564 ageretur,
358 2507 436 2564 quae
457 2487 559 2547 omnia
580 2487 700 2564 publica
721 2507 786 2548 esse
805 2486 901 2558 vultis,
923 2484 1136 2564 quaerentibus
1154 2485 1198 2545 eis

193 2604 270 2661 quos
294 2585 334 2644 ad
356 2583 387 2644 id
410 2583 586 2662 pertinebat,
613 2583 686 2663 quid
709 2597 787 2646 esset
812 2585 890 2657 litus,
915 2582 957 2643 ita
980 2582 1114 2656 definire,
1137 2602 1198 2660 qua

193 2683 301 2741 fluctus
322 2683 456 2741 eluderet
466 2703 475 2755 ;
498 2683 557 2742 hoc
579 2693 631 2756 est,
655 2682 740 2759 quasi
761 2682 813 2760 qui
834 2680 1070 2741 adulescentiam
1091 2682 1197 2740 florem
1211 2704 1239 2754 ²5

193 2779 306 2852 aetatis,
320 2790 504 2857 senectutem
519 2799 660 2840 occasum
671 2779 748 2840 vitae
763 2779 834 2840 velit
844 2777 987 2852 definire3
1004 2777 1198 2838 translatione

195 2877 276 2938 eninr
304 2887 391 2936 utens
418 2876 593 2940 discedebat
619 2898 638 2936 a
666 2876 763 2937 verbis
787 2875 912 2954 propriis
937 2895 1035 2935 rerum
1062 2894 1098 2935 ac
1126 2875 1196 2937 suis.

164 2987 183 3044 8
197 2976 289 3051 Quod
303 2975 342 3033 ad
357 2973 547 3034 definitiones
561 2974 675 3047 attinet,
692 2977 856 3048 hactenus;
877 2972 990 3050 reliqua
1003 2972 1168 3034 videamus.

151 3091 182 3139 33
237 3070 398 3131 Partitione
420 3083 484 3131 tum
509 3071 551 3132 sic
576 3074 722 3133 utendum
747 3083 800 3146 est,
824 3074 937 3131 nullam
960 3082 993 3133 ut
1017 3082 1132 3148 partem
1155 3092 1198 3132 re-

194 3168 312 3246 linquas
323 3190 331 3243 3
361 3180 402 3242 ut,
431 3169 456 3229 si
484 3169 584 3247 partiri
608 3169 680 3230 velis
709 3172 823 3241 tutelas,
854 3167 1014 3229 inscienter
1041 3167 1141 3243 facias,
1172 3168 1196 3229 si
1211 3189 1242 3238 30

195 3268 286 3325 ullam
311 3266 534 3344 praetermittas.
577 3270 619 3327 At
644 3267 667 3327 si
691 3266 917 3343 stipulationum
939 3277 991 3328 aut
1015 3264 1196 3327 iudiciorum

229 3437 259 3483 13
275 3424 361 3471 animo
370 3422 511 3474 Hammert
532 3432 592 3472 ante
603 3423 686 3476 codd:
702 3439 754 3474 om.
766 3440 815 3472 non
827 3424 893 3472 nulli
941 3431 1080 3486 praecepta
1085 3424 1110 3485 f
1112 3441 1119 3472 :
1137 3438 1197 3485 per·

194 3494 269 3550 cepta
279 3487 348 3536 codd.
426 3504 455 3548 14
473 3489 552 3551 igitur
562 3491 614 3539 secl.
630 3482 721 3539 Orelli:
738 3506 789 3540 om.
801 3485 829 3551 Ι
860 3488 862 3491 ’
896 3505 926 3551 19
943 3505 990 3552 per
1001 3489 1196 3539 translationem

195 3553 256 3615 Oes:
273 3553 408 3629 tralatione
420 3553 526 3633 Alabcl.
627 3571 657 3616 24
676 3556 708 3604 ad
722 3570 786 3617 quos
800 3554 840 3624 Os
