2588 4178
128 237 168 295 23
184 232 215 298 :⁸
447 223 490 281 M.
515 221 648 306 uveni
678 219 911 282 crcsxoms

182 399 260 461 sunt,
276 390 330 449 sed
344 389 493 465 quaedam
510 385 600 447 etiam
618 385 805 464 neglegentia
821 397 867 446 est
880 386 1014 464 diligens.
1058 390 1138 491 Nam
1152 400 1187 449 ut

183 485 320 547 mulieres
338 505 403 546 esse
422 484 563 545 dicuntur
576 503 639 542 non
653 485 753 543 nullae
767 482 929 563 inornatae,
946 489 1020 562 quas
1037 485 1069 545 id
1088 485 1186 564 ipsum

182 586 296 656 deceat,
309 583 355 643 vsic
370 584 445 642 haec
462 580 578 641 subtilis
598 580 693 642 oratio
711 581 801 640 etiam
816 579 969 659 incompta
983 584 1133 658 delectat,
1154 585 1188 642 fit

183 680 263 742 enim
285 680 430 758 quiddam
455 678 486 738 in
509 690 643 755 utroque,
666 698 728 755 quo
750 677 788 738 sit
807 679 969 753 venustius,
992 682 1046 740 sed
1071 701 1133 740 non
1156 692 1189 740 ut
1233 739 1235 742 .

182 788 330 856 appareat.
374 779 454 836 Tum
476 774 676 835 removebitur
696 774 795 835 omnis
816 775 939 853 insignis
961 789 1083 837 ornatus
1102 778 1217 855 quasis

139 895 169 947 79
183 874 414 952 margaritarum,
436 894 475 956 ne
499 871 659 932 calamistri
683 871 806 949 quidem
833 873 1058 935 adhibebuntur
1068 897 1077 950 ;
1097 876 1189 936 fucati

182 992 252 1033 vero
275 971 496 1032 medicamenta
519 969 657 1030 candoris
679 979 708 1030 et
729 969 845 1030 ruboris
868 970 971 1031 omnia
990 975 1171 1050 repellentur
1181 996 1190 1047 3

182 1069 328 1147 elegantia
349 1070 442 1141 modo
463 1079 493 1127 et
512 1066 659 1127 munditia
681 1067 854 1127 remanebit.
898 1071 1002 1129 Sermo
1021 1091 1113 1148 purus
1134 1071 1189 1131 erit

181 1179 212 1228 et
231 1167 364 1239 Latinus,
380 1165 512 1227 dilucide
533 1167 681 1242 planeque
702 1165 826 1239 dicetur,
842 1165 916 1242 quid
937 1167 1044 1227 deceat
1064 1167 1189 1228 circum-

129 1277 169 1335 24
182 1265 323 1344 spicietur
335 1286 344 1339 ;
377 1284 472 1324 unum
503 1261 606 1335 aberit,
633 1263 716 1338 quod
751 1252 890 1340 quartum
925 1276 1062 1324 numerat
1090 1268 1189 1326 Theo·
1205 1285 1236 1320 10

182 1365 321 1440 phrastus
345 1361 376 1421 in
392 1359 547 1421 'orationis
575 1359 735 1420 laudibus:
770 1371 908 1420 ornatum
929 1360 1020 1435 illud,
1043 1383 1134 1423 suave
1159 1376 1189 1424 et

182 1461 326 1521 adfluens.
370 1461 487 1518 Acutae
502 1456 683 1534 crebraeque
697 1457 863 1518 sententiae
877 1470 1028 1535 ponentur
1041 1471 1072 1520 et
1085 1461 1190 1522 nescio

183 1559 264 1618 unde
284 1577 320 1616 ex
339 1555 444 1616 abdito
463 1567 583 1628 erutae3
604 1556 765 1632 ac—quod
786 1555 817 1614 in
839 1558 898 1615 hoc
919 1568 1036 1617 oratore
1055 1558 1191 1619 domina-

183 1654 491 1715 bitur—verecundus
519 1652 574 1713 erit
601 1673 673 1714 usus
702 1651 847 1713 oratoriae
874 1653 959 1731 quasi
987 1656 1188 1732 supellectilis.

138 1762 171 1810 80
184 1754 324 1830 Supellex
343 1762 388 1811 est
407 1750 486 1810 enim
507 1752 640 1828 quodam
660 1751 753 1810 modo
772 1761 881 1823 nostra,
897 1771 975 1828 quae
994 1752 1086 1812 estin
1106 1774 1237 1825 oma-15

185 1849 302 1923 mentis,
315 1848 372 1909 alia
387 1867 484 1907 rerum
498 1847 556 1906 alia
569 1848 736 1907 verborum.
777 1848 908 1908 Ornatus
922 1859 1023 1909 autem
1037 1852 1190 1910 verborum

184 1948 312 2024 duplex:
334 1966 411 2006 unus
426 1944 607 2022 simplicium
621 1946 695 2004 alter
708 1946 943 2005 conlocatorum.
979 1945 1112 2024 Simplex
1125 1969 1192 2026 pro-

184 2047 271 2106 batur
290 2044 321 2103 in
338 2042 463 2122 propriis
483 2042 658 2120 usitatisque
676 2041 782 2115 verbiS,
799 2044 882 2118 quod
900 2055 952 2103 aut
971 2043 1085 2120 optime
1104 2059 1191 2107 sonat
1289 2114 1291 2116 .

183 2154 235 2202 aut
263 2162 326 2202 rem
355 2140 483 2200 maxime
511 2141 666 2217 explanat,
698 2139 729 2199 in
757 2139 861 2200 alienis
882 2143 934 2200 aut
962 2144 1136 2202 translatum
1161 2156 1191 2204 et

184 2243 297 2301 sactum
321 2238 443 2299 aliunde
466 2250 498 2298 ut
522 2249 635 2311 mutuo,
657 2248 709 2297 aut
731 2240 843 2298 factum
868 2238 907 2298 ab
929 2238 996 2316 ipso
1017 2260 1053 2300 ac
1078 2261 1191 2301 novum
1208 2262 1239 2296 πο

184 2349 236 2398 aut
258 2337 389 2414 priscum
414 2347 443 2396 et
466 2335 640 2395 inusitatum
651 2357 660 2409 3
687 2337 741 2396 sed
764 2335 854 2395 etiam
878 2335 1019 2397 inusitata
1038 2358 1074 2398 ac
1095 2339 1192 2417 prisca

139 2445 168 2493 81
185 2447 255 2498 sunt
274 2435 305 2494 in
324 2433 458 2512 propriis,
474 2433 531 2493 nisi
551 2435 634 2511 quod
654 2453 720 2492 raro
742 2432 860 2492 utimur.
904 2435 1070 2497 Conlocata
1090 2449 1192 2498 autem

185 2533 276 2594 verba
304 2532 416 2591 habent
444 2542 591 2604 ornatum,
618 2530 643 2590 si
669 2530 783 2607 aliquid
812 2531 1022 2592 concinnitatis
1049 2533 1191 2607 efficiunt,

185 2634 269 2710 quod
288 2629 386 2691 verbis
406 2628 527 2688 mutatis
549 2649 611 2688 non
633 2638 752 2688 maneat
772 2639 912 2689 manente
932 2630 1097 2706 sententia,
1121 2653 1192 2692 nam

185 2727 399 2788 sententiarum
423 2739 599 2794 ornamenta
626 2747 704 2804 quae
727 2730 912 2803 permanent,
938 2726 1028 2786 etiam
1053 2727 1078 2788 si
1101 2731 1193 2791 verba
1209 2754 1239 2802 ²5

187 2824 354 2898 mutaveris,
379 2835 447 2884 sunt
468 2824 662 2902 illaquidem
685 2827 839 2902 permulta,
862 2826 916 2885 sed
939 2846 1017 2903 quae
1041 2826 1193 2888 emineant

186 2922 335 3000 pauciora.

229 3022 308 3096 Ergo
322 3018 372 3078 ille
386 3018 484 3078 tenuis
504 3030 611 3092 orator,
628 3021 720 3078 modo
735 3018 772 3077 sit
786 3020 914 3095 elegans,
931 3039 987 3080 nec
1002 3019 1033 3080 in
1047 3020 1193 3082 faciendis

223 3191 251 3224 11
270 3182 376 3223 ornatus
388 3174 429 3224 L:
447 3184 626 3223 ornamentum
646 3173 738 3222 Tulich.
751 3171 894 3221 Lambinus
907 3179 966 3223 eta:
983 3183 1110 3225 moratum
1125 3175 1195 3223 Bake

189 3256 219 3301 13
236 3256 266 3288 ac
283 3241 350 3300 quod
367 3239 506 3288 Fn'edn'cb:
523 3237 601 3299 idque
619 3237 720 3295 Moser:
743 3246 820 3300 atque
837 3237 860 3285 L
926 3247 1029 3289 oratore
1047 3241 1087 3289 L:
1104 3249 1194 3290 orator

188 3304 281 3355 malm'i
291 3303 425 3352 Manutius
487 3305 565 3365 16,17
578 3319 633 3354 orn.
642 3312 728 3351 autem
737 3304 872 3352 verborum
880 3305 977 3367 duplex
984 3306 1051 3371 vulg.
1064 3323 1071 3355 :
1086 3314 1193 3356 ornatus

188 3378 274 3420 autem
287 3370 383 3431 duplex
394 3368 417 3416 L
430 3387 436 3417 :
453 3370 589 3418 verborum
602 3384 658 3417 orn.
671 3377 757 3418 autem
770 3370 865 3432 duplex
876 3369 971 3432 Stangl
1108 3373 1146 3431 18,
1162 3387 1193 3433 19

188 3443 263 3486 sonat
275 3472 281 3486 .
295 3471 319 3486 ..
334 3434 458 3496 explanat
470 3433 510 3482 L:
526 3442 659 3484 sonant..
674 3471 679 3484 .
694 3434 835 3495 explanant
846 3434 914 3482 codd.
929 3435 985 3485 den.
1064 3451 1101 3497 19,
1115 3452 1149 3485 ao
1166 3446 1193 3488 et

188 3503 282 3551 sactum
302 3500 413 3550 Sabalia:
436 3506 481 3548 aut
500 3500 593 3547 lactum
613 3497 654 3548 L:
677 3515 707 3547 ac
726 3507 853 3562 sumptum
873 3499 1016 3549 Lambinus
1114 3517 1147 3550 πο
1163 3518 1193 3551 ac

189 3581 282 3616 novum
294 3566 404 3614 Scbuta:
424 3574 468 3615 aut
480 3580 574 3613 novum
587 3565 626 3612 L:
642 3571 670 3612 ut
681 3579 776 3614 novum
787 3562 932 3614 Lambinus
1037 3581 1067 3614 21
1087 3567 1192 3616 inusita·
1210 3573 1211 3576 ’

189 3641 261 3682 tum.
276 3667 282 3680 .
297 3666 304 3681 .
318 3632 439 3680 inusitata
449 3629 516 3680 mdd.
527 3629 582 3679 dett.
597 3647 604 3679 :
619 3630 717 3680 usit...
733 3631 810 3679 .usit.
826 3629 850 3678 L
