2588 4178
149 212 216 272 935
464 197 507 254 M.
529 197 657 255 TVLLI
679 197 911 258 CICERONIS

187 363 424 422 Demosthenem
439 360 525 421 facile
539 360 654 421 dixeris
698 362 781 421 Nihil
798 374 885 422 acute
903 361 1027 421 inveniri
1041 362 1138 439 potuit
1153 362 1184 427 in

106 466 109 473 ’
185 460 227 520 eis
249 459 346 520 causis
367 479 441 536 quas
462 458 586 536 scripsit,
608 458 690 532 nihil,
709 471 742 519 ut
763 459 803 518 ita
824 460 931 532 dicam,
953 457 1088 532 subdole,
1110 460 1183 519 nihil

184 570 309 629 versute,
333 558 415 634 quod
439 556 487 616 ille
513 577 574 616 non
595 557 719 630 viderit;
750 556 824 616 nihil
849 557 995 617 subtiliter
1017 557 1085 630 dici,
1109 557 1183 617 nihil
1268 554 1270 559 ’

184 674 293 732 presse,
316 653 390 712 nihil
414 656 577 726 enucleate,
600 674 661 731 quo
686 653 749 713 lieri
776 653 872 731 possit
895 653 1008 731 aliquid
1033 654 1163 715 limatius
1174 679 1182 730 3

184 752 258 810 nihil
277 763 381 811 contra
398 753 518 828 grande,
535 751 609 810 nihil
628 751 793 824 incitatum,
809 751 883 811 nihil
898 764 1040 827 ornatum
1060 754 1108 813 vel
1122 773 1183 813 ver·
1198 776 1211 824 5

184 851 291 910 borum
326 848 468 926 gravitate
495 851 541 908 vel
572 849 794 921 sententiamm,
824 870 887 926 quo
915 849 1076 927 quicquam
1105 863 1183 912 esset

139 953 170 1015 36
185 947 297 1007 elatius.
350 945 434 1005 Huic
458 945 627 1023 Hyperides
652 946 803 1022 proximus
831 958 861 1006 et
884 946 1050 1007 Aeschines
1074 947 1129 1006 fuit
1154 961 1184 1008 et

184 1048 336 1121 Lycurgus
361 1055 391 1104 et
415 1044 583 1104 Dinarchus
607 1056 637 1104 et
659 1045 692 1117 is,
715 1045 800 1104 cuius
825 1046 907 1103 nulla
928 1055 1044 1104 exstant
1065 1044 1181 1122 scripta,

185 1144 336 1202 Demades
364 1141 474 1225 aliique
498 1144 604 1218 plures.
650 1144 737 1202 Haec
762 1141 842 1201 enim
870 1153 951 1202 aetas
976 1141 1080 1202 effudit
1105 1143 1182 1201 hanc

182 1239 320 1317 copiam,
341 1250 378 1312 et,
395 1250 427 1298 ut
442 1238 545 1315 opinio
566 1259 633 1298 mea
649 1241 712 1311 fert,
729 1260 818 1299 sucus
837 1239 887 1299 ille
904 1251 934 1299 et
952 1239 1072 1315 sanguis
1089 1238 1183 1299 incor-
1198 1262 1229 1298 ro

183 1349 286 1414 ruptus
297 1357 392 1414 usque
403 1339 442 1396 ad
457 1338 535 1396 hanc
549 1349 676 1397 aetatem
689 1349 838 1397 oratorum
852 1338 918 1411 fuit,
927 1337 957 1397 in
969 1357 1028 1414 qua
1042 1338 1182 1397 naturalis

138 1450 169 1503 57
184 1435 302 1507 inesset,
313 1455 373 1494 non
385 1437 501 1493 fucatus
516 1434 601 1494 nitor.
639 1436 799 1495 Phalereus
810 1435 890 1495 enim
902 1434 1044 1494 successit
1055 1435 1097 1494 eis
1109 1434 1183 1494 seni-

184 1534 240 1593 bus
263 1534 439 1592 adulescens
461 1531 676 1592 eruditissimus
697 1531 745 1592 ille
761 1532 888 1609 ⁴quidem
910 1535 1017 1592 horum
1036 1532 1179 1603 omniurn,

183 1632 237 1690 sed
251 1650 313 1690 non
333 1641 393 1710 tarn
412 1629 501 1688 armis
522 1628 674 1688 institutus
693 1650 783 1706 quam
805 1633 958 1707 palaestra.
1005 1632 1112 1707 Itaque
1133 1632 1183 1690 de-

183 1727 311 1788 lectabat
339 1726 431 1803 magis
460 1726 652 1786 Atheniensis
677 1747 767 1804 quam
795 1727 1009 1787 inflammabat.
1063 1730 1182 1787 Proces-
1198 1747 1227 1796 15

185 1836 261 1885 serat
276 1823 355 1884 enim
371 1824 402 1883 in
422 1825 516 1884 solem
533 1835 563 1883 et
582 1826 743 1902 pulverem,
759 1835 821 1885 non·
836 1838 869 1885 ut
883 1845 900 1885 e
914 1824 1031 1899 militari
1049 1825 1183 1885 taberna-

184 1924 265 1996 culo,
278 1924 332 1982 sed
351 1933 384 1981 ut
405 1941 422 1980 e
439 1921 638 1998 Theophrasti
658 1922 824 1982 doctissimi
841 1922 972 1983 hominis
991 1922 1179 1982 umbraculis.

138 2028 168 2086 38
186 2020 247 2080 Hic
266 2020 379 2098 prirnus
398 2019 511 2080 inflexit
530 2019 695 2080 orationem
715 2032 744 2080 et
762 2041 828 2080 eam
851 2023 971 2080 mollem
989 2031 1182 2097 teneramque

184 2118 314 2179 reddidit
336 2129 366 2177 et
391 2117 498 2190 suavis,
521 2116 597 2177 sicut
622 2117 685 2191 fuit,
708 2118 801 2178 videri
826 2118 929 2178 maluit
952 2138 1043 2195 quarn
1067 2118 1163 2194 gravis
1174 2141 1181 2192 ;

183 2217 237 2276 sed
258 2216 402 2276 suavitate
423 2236 467 2288 ea,
486 2235 545 2292 qua
566 2218 756 2292 perfunderet
777 2217 903 2289 animos,
922 2237 983 2276 non
1005 2235 1064 2293 qua
1083 2216 1177 2294 perfri·
1197 2235 1227 2269 20

184 2325 293 2392 ngeret,
314 2311 367 2394 [et]
390 2324 506 2373 tantum
521 2307 558 2372 ,ut
580 2313 754 2374 memoriam
776 2313 984 2374 concinnitatis
1006 2334 1084 2386 suae,
1108 2335 1178 2386 non,

183 2431 274 2488 quem
288 2413 327 2471 ad
346 2413 469 2471 modum
489 2412 528 2470 de
548 2411 660 2471 Pericle
682 2411 797 2489 scripsit
817 2411 949 2489 Eupolis,
965 2431 1035 2470 curn
1055 2413 1182 2472 delecta-

185 2508 266 2568 tion'e
286 2511 407 2568 aculeos
428 2508 518 2568 etiam
539 2508 718 2586 relinqueret
737 2510 767 2568 in
788 2509 896 2569 animis
916 2529 1020 2568 eorum
1037 2509 1181 2586 aquibus

183 2619 261 2667 esset
274 2606 403 2666 auditus,

134 2703 170 2746 1⁰
224 2703 356 2765 Videsne
375 2702 528 2782 igitur‘vel
545 2703 576 2763 in
595 2725 631 2765 ea
650 2703 715 2783 ipsa
734 2705 814 2778 urbe,
832 2705 862 2765 in
877 2725 936 2783 qua
951 2716 980 2765 et
995 2716 1065 2764 nata
1078 2715 1108 2765 et
1122 2707 1182 2765 alta
1196 2726 1226 2776 ²5

138 2793 169 2842 ³⁹
184 2801 221 2862 sit
235 2792 414 2879 eloquentia,
426 2822 517 2878 quam
531 2821 567 2861 ea
581 2822 647 2862 sero
662 2803 804 2880 prodierit
819 2803 849 2862 in
864 2806 985 2863 lucem?
1015 2803 1046 2863 Si
1057 2802 1180 2879 quidem

182 2912 253 2959 ante
267 2899 385 2960 Solonis
400 2911 528 2960 aetatem
543 2912 573 2960 et
588 2900 731 2960 Pisistrati
745 2903 784 2961 de
799 2904 882 2961 nullo
897 2913 930 2962 ut
944 2901 1055 2961 diserto
1070 2921 1181 2962 memo

182 2997 242 3057 riae
261 2997 412 3074 proditum
434 3009 486 3057 est
530 3000 570 3057 At
585 2998 616 3057 hi
630 2997 762 3075 quidem,
779 3011 812 3059 ut
830 2999 933 3078 populi
949 2999 1080 3060 Romani
1098 3011 1180 3060 aetas

182 3107 237 3168 est,
246 3114 340 3167 senes,
351 3107 384 3155 ut
393 3095 622 3155 Atheniensium
634 3098 752 3157 saecula
762 3108 965 3171 numerantur,
973 3100 1180 3159 adulescentes

182 3193 295 3254 debent
309 3191 409 3253 videri.
454 3194 534 3251 Nam
553 3193 609 3253 etsi
624 3194 725 3255 Servio
740 3195 841 3255 Tullio
858 3207 1000 3272 regnante
1014 3195 1178 3272 viguerunt,
1194 3213 1226 3262 30

183 3301 283 3350 tamen
305 3292 400 3349 multo
421 3289 532 3350 diutius
554 3292 692 3351 Athenae
712 3291 772 3351 iam
793 3304 877 3352 erant
901 3313 990 3369 quam
1014 3305 1059 3353 est
1081 3295 1180 3353 Roma

215 3461 230 3492 a
248 3445 287 3491 his
296 3444 321 3492 Β
328 3443 366 3490 ¹H
444 3459 460 3504 3
477 3443 536 3492 dicit
548 3446 641 3494 maluit
650 3446 780 3495 Eberhard
853 3448 870 3494 6
887 3454 956 3495 esset
968 3447 990 3495 L
1002 3453 1024 3493 et
1034 3447 1180 3496 Charisius:

182 3516 268 3558 exstet
278 3509 373 3571 Stangl
458 3524 485 3557 11
504 3511 589 3572 inquo
599 3512 756 3560 maluitReis
830 3527 859 3572 14
877 3513 1020 3574 palaestrae
1039 3513 1181 3561 Lambinus

182 3590 212 3622 ar
232 3582 258 3624 et
269 3576 322 3624 sect.
335 3575 469 3623 Manutius
566 3591 598 3638 25
616 3577 657 3626 vel
668 3577 826 3640 Heusinger:
843 3586 870 3626 ut
882 3577 904 3625 L
916 3595 922 3626 z
939 3578 1018 3626 Brute
1030 3576 1133 3626 Martha
