2588 4178
348 201 920 294 pnar1r1ouasounrou1ns
1096 216 1192 275 31109

130 370 272 432 veniendi
295 369 368 431 locis
395 368 567 431 coiciantur.
614 369 707 444 Quod
730 388 914 446 quamquam
938 368 1009 429 satis
1035 381 1082 430 est
1103 370 1131 431 ei

130 467 183 545 qui
197 467 279 528 videt
291 466 366 546 quid
385 466 416 526 in
430 485 552 545 quoque
565 468 634 527 loco
647 468 737 526 lateat
750 465 862 544 quique
878 465 946 527 illos
962 468 1045 527 locos
1059 479 1132 527 tam-

130 585 222 642 quam
237 567 391 626 thesauros
404 565 520 644 aliquos
536 576 778 644 argumentorum
793 577 912 626 notatos
925 566 1017 627 habet
1030 578 1131 627 tamen

130 683 266 741 eaquae
293 674 364 724 sunt
387 675 534 725 certarum
560 683 717 724 causarum
741 663 860 741 propria
880 675 1044 743 tangemus.
1094 667 1131 725 In

101 781 115 828 a
129 761 303 822 coniectura
316 761 411 839 igitur,
427 781 497 822 curn
511 772 556 822 est
570 761 601 820 in
615 759 773 822 infitiando
789 781 864 837 reus,
879 762 1044 823 accusatori
1057 765 1133 824 haec

130 857 228 936 prima
241 861 303 920 duo
322 871 427 920 sunt—
433 861 487 920 sed
505 870 709 919 accusatorem
728 879 787 936 pro
801 858 885 919 omni
900 871 1001 921 actore
1017 871 1047 920 et
1061 860 1133 938 peti·

131 967 196 1017 tore
209 959 347 1034 appello;
367 966 494 1035 possunt
507 955 588 1017 enim
603 954 692 1016 etiam
707 956 771 1017 sine
786 956 977 1018 accusatione
991 957 1022 1017 in
1036 957 1133 1018 causis

130 1055 207 1113 haec
221 1056 327 1114 eadem
342 1053 609 1115 controversiarum
623 1073 731 1131 genera
744 1052 901 1128 versari-,
914 1057 968 1115 sed
982 1057 1057 1115 haec
1071 1056 1133 1116 duo

132 1161 203 1210 sunt
217 1150 245 1219 ei
258 1151 362 1229 prima,
377 1171 468 1212 causa
481 1163 511 1212 et
524 1162 658 1212 eventus
701 1153 830 1213 Causam
850 1154 969 1230 appello
988 1151 1133 1212 rationem

88 1271 120 1309 ro
132 1247 291 1322 efficiendi,
320 1260 460 1309 eventum
495 1247 526 1310 id
553 1250 637 1326 quod
666 1260 712 1308 est
740 1250 888 1310 effectum.
935 1252 1036 1327 Atque
1070 1248 1135 1326 ipsa

132 1344 258 1422 quidem
271 1345 391 1424 partitio
409 1365 565 1408 causarum
582 1347 672 1424 paulo
689 1357 760 1406 ante
774 1344 806 1405 in
820 1346 966 1408 suasionis
985 1346 1059 1407 locis
1078 1345 1135 1407 dis

132 1442 244 1503 tributa
257 1456 317 1504 est.
351 1446 438 1526 Quae
451 1443 574 1512 enimin
589 1443 716 1504 consilio
729 1443 877 1522 capiendo
892 1444 982 1505 futuri
992 1443 1135 1522 temporis
1149 1463 1196 1500 ιιι

132 1539 398 1617 praecipiebantur,
425 1561 515 1620 quarn
544 1543 585 1603 ob
612 1562 673 1602 rem
702 1552 754 1601 aut
781 1541 938 1603 utilitatem
966 1542 1136 1603 viderentur

133 1636 273 1698 habitura
302 1651 354 1700 aut
382 1639 530 1701 efficiendi
559 1641 739 1714 facultatem,
768 1642 883 1714 eadem,
909 1639 961 1718 qui
989 1642 1028 1701 de
1055 1641 1135 1699 facto

90 1762 118 1812 ¹5
131 1736 395 1811 argumentabitur,
418 1737 568 1815 conligere
589 1736 721 1809 debebit,
741 1756 832 1813 quam
856 1739 896 1798 ob
918 1757 980 1798 rem
1002 1749 1032 1799 et
1053 1736 1136 1797 utilia

133 1832 184 1906 illi,
201 1845 292 1910 quern
311 1847 421 1912 arguet,
436 1834 527 1895 fuisse
543 1844 573 1894 et
592 1835 631 1895 ab
650 1853 688 1894 eo
704 1832 781 1894 effici
794 1833 927 1912 potuisse
941 1837 1133 1896 demonstret.

134 1930 278 1991 Vtilitatis
304 1931 476 1992 coniectura
504 1942 646 2003 movetur,
670 1930 695 1990 si
719 1931 793 1992 illud
818 1934 901 2008 quod
930 1931 1061 2010 arguitur
1084 1943 1136 1992 aut

134 2047 189 2105 spe
216 2029 365 2094 bonorum
393 2040 445 2089 aut
472 2031 618 2089 malorum
647 2039 729 2089 metu
757 2028 863 2090 fecisse
891 2028 998 2090 dicitur
1010 2052 1019 2104 ;
1052 2031 1136 2107 quod

134 2127 179 2189 fir
192 2124 298 2200 acriuS,
323 2147 385 2205 quo
412 2126 462 2187 illa
489 2123 520 2186 in
548 2136 675 2204 utroque
702 2146 811 2203 genere
839 2125 950 2187 maiora
974 2140 1134 2204 ponuntur.

89 2248 120 2283 ιο
134 2223 279 2301 Spectant
302 2223 392 2284 etiam
418 2225 458 2285 ad
482 2242 603 2284 causam
627 2221 697 2282 sacti
722 2235 821 2283 motus
844 2222 1021 2296 animorum,
1045 2223 1071 2283 si
1095 2223 1137 2284 ira
1152 2243 1198 2281 ιη

134 2330 247 2392 recens,
270 2319 296 2380 si
315 2320 419 2381 odium
446 2332 537 2394 vetus,
561 2318 586 2380 si
610 2319 776 2380 ulciscendi
800 2319 941 2392 studium,
964 2319 989 2379 si
1013 2320 1137 2380 iniuriae

135 2417 271 2490 dolor,si
292 2416 424 2492 honoris,
437 2417 462 2477 si
475 2417 594 2495 gloriae,
610 2416 635 2476 si
649 2416 761 2494 imperi,
776 2416 799 2477 si
814 2416 959 2494 pecuniae
980 2417 1136 2495 cupiditas,

131 2515 160 2575 ·si
179 2510 304 2593 periculi
320 2501 419 2589 timor,
435 2514 460 2574 si
478 2534 529 2575 aes
547 2514 687 2586 alienum,
704 2513 728 2574 si
744 2513 898 2591 angustiae
917 2514 959 2575 rei
977 2514 1136 2586 familiaris,

136 2613 162 2672 si
178 2608 287 2684 audax,
300 2611 325 2671 si
342 2611 423 2685 levis,
438 2611 464 2672 si
483 2610 619 2685 crudelis,
635 2610 659 2670 si
678 2610 837 2689 impotens,
853 2611 878 2670 si
897 2611 1042 2685 incautus,
1058 2611 1083 2671 si
1097 2611 1140 2670 in-

92 2732 122 2783 ²5
137 2708 256 2788 sipiens,
271 2709 298 2769 si
316 2728 429 2781 amans,
449 2709 474 2768 si
495 2720 647 2770 commota
668 2719 777 2781 mente,
793 2708 818 2768 si
831 2708 1009 2783 vinolentus,
1025 2709 1050 2768 si
1069 2729 1138 2770 cum

136 2826 193 2886 spe
211 2805 367 2879 efficiendi,
387 2805 412 2865 si
432 2825 502 2867 cum
524 2805 667 2884 opinione
688 2804 807 2866 celandi
829 2817 887 2879 aut,
911 2805 936 2866 si
957 2807 1138 2883 patefactum

135 2916 223 2978 esset,
246 2902 417 2982 depellendi
441 2902 573 2963 criminis
592 2904 639 2962 vel
660 2902 872 2980 perrumpendi
892 2903 1016 2981 periculi
1037 2905 1084 2964 vel
1108 2902 1140 2962 in

136 3002 334 3079 longinquum
358 3013 476 3079 tempus
497 2999 671 3074 differendi3
694 2999 792 3070 autsi
814 2999 908 3060 iudici
928 3020 1027 3078 poena
1048 3000 1141 3061 levior

137 3119 228 3176 quam
242 3098 313 3159 lacti
327 3098 511 3182 praemium,
531 3108 583 3158 aut
597 3097 622 3156 si
636 3096 775 3157 facinoris
789 3099 927 3175 voluptas
942 3097 1035 3158 maior
1048 3117 1140 3174 quam

92 3195 339 3264 sedamnationis
363 3198 457 3256 dolor.
509 3194 568 3256 His
599 3194 681 3256 enim
708 3196 769 3255 lere
796 3195 885 3255 rebus
912 3194 982 3254 lacti
1009 3193 1140 3272 suspicio
1155 3212 1203 3260 113

137 3294 338 3365 confirmatur,
355 3313 423 3353 curn
444 3304 473 3353 et
488 3291 649 3354 voluntatis
668 3291 699 3351 in
717 3312 768 3353 reo
787 3311 894 3352 causae
913 3290 1097 3370 reperiuntur
1111 3303 1141 3352 et

1144 621 1183 680 32

1147 712 1194 748 110

172 3459 203 3506 18
219 3457 312 3506 dicitur
322 3457 390 3520 vulga
405 3474 411 3506 :
428 3454 565 3513 dicaturP
646 3471 679 3505 ao
697 3454 821 3517 Spectant
829 3456 906 3504 nesab
917 3456 972 3519 quis
982 3453 1053 3518 apud
1062 3453 1141 3502 Lam·

135 3521 254 3637 ‘ididia’
266 3528 417 3584 spectantur
433 3523 500 3586 vulga
651 3536 682 3583 27
700 3522 841 3583 periculum
861 3520 887 3569 P
1013 3521 1046 3568 aa
1071 3518 1140 3569 dese-
