2588 4178
559 213 723 274 aavrvs
1103 215 1144 275 aa
1158 225 1207 290 a,

143 379 306 441 sulsitatem
322 379 403 441 enim
418 393 448 441 et
462 379 652 442 insolentiam
667 396 820 459 tamquam
835 381 982 444 insaniam
992 386 1144 462 quandam

143 477 287 539 orationis
308 478 381 552 odit,
403 478 560 540 sanitatem
582 491 683 541 autem
704 492 735 541 et
755 480 954 559 integritatem
976 482 1061 559 quasi
1082 482 1146 544 reli·

143 575 265 653 gionem
289 587 321 636 et
341 576 553 656 verecundiam
581 577 705 638 oratoris
733 579 847 656 probat
893 583 980 641 Haec
1008 580 1144 641 omnium

144 673 237 734 debet
251 684 401 733 oratorum
417 676 523 735 eadem
534 672 604 736 ¹esse
618 675 773 737 sententia
817 677 870 738 Sin
891 688 993 738 autem
1011 677 1145 738 ieiunita-
1160 693 1206 757 285

114 782 207 835 stem
228 782 260 832 et
282 770 450 832 siccitatem
469 784 499 832 et
521 772 661 851 inopiam,
681 774 754 834 dum
773 775 865 835 modo
887 775 925 835 sit
946 775 1046 853 polita,
1070 778 1143 835 dnm

144 869 268 943 urbana,
296 870 370 955 dum
398 871 527 947 elegans,
550 869 581 928 in
603 870 706 932 Attico
730 891 838 948 genere
862 871 955 950 ponit,
980 874 1038 934 hoc
1064 885 1143 934 recte

144 957 317 1040 dumtaxat3
337 967 392 1027 sed
406 965 476 1043 quia
491 977 560 1027 sunt
573 966 605 1026 in
620 967 727 1029 Atticis
736 967 799 1028 alia
812 971 882 1028 altis
896 968 1026 1042 meliora,
1042 969 1144 1030 videat
1195 1039 1197 1042 .

143 1083 182 1123 ne
197 1062 312 1140 ignoret
325 1075 356 1124 et
369 1064 478 1142 gradus
492 1076 522 1124 et
536 1063 794 1126 dissimilitudines
808 1078 839 1126 et
852 1065 912 1126 vim
928 1078 958 1127 et
971 1067 1143 1127 varietatem

144 1160 322 1220 Atticorum.
365 1160 519 1234 ‘Atticos'
540 1160 645 1239 inquit,
669 1165 756 1223 ‘volo
779 1161 905 1222 imitari'
948 1166 1056 1240 Quos?
1087 1183 1143 1224 nec

99 1284 130 1320 ro
144 1257 224 1318 enim
241 1269 395 1318 estonum
411 1278 513 1336 genus.
557 1260 637 1319 Nam
659 1259 733 1337 quid
752 1271 796 1320 est
811 1271 872 1320 tam
890 1259 1033 1322 dissimile
1052 1280 1143 1338 quarn

146 1356 367 1416 Demosthenes
381 1367 412 1416 et
425 1354 551 1432 Lysias?
572 1376 663 1434 quam
683 1357 764 1417 idern
783 1369 814 1418 et
832 1357 1025 1436 Hyperides?
1052 1378 1144 1436 quarn

144 1455 251 1514 horum
276 1452 413 1514 omnium
436 1453 624 1515 Aeschines?
674 1458 775 1532 Quem
803 1454 891 1532 igitur
918 1454 1064 1538 imitaris?
1113 1456 1144 1517 Si

143 1551 293 1628 aliquem:
316 1550 405 1612 ceteri
426 1571 497 1628 ergo
514 1552 614 1613 Attice
633 1573 695 1613 non
716 1552 880 1614 dicebant?
907 1553 932 1614 si
950 1554 1066 1615 omnis:
1091 1553 1144 1631 qui

145 1661 239 1727 potes,
261 1669 331 1709 cum
352 1647 412 1709 sint
432 1648 489 1727 ipsi
513 1649 703 1710 dissimillimi
727 1650 804 1711 inter
827 1653 882 1712 se?
924 1653 962 1711 In
984 1671 1045 1729 quo
1070 1651 1144 1713 illud

99 1771 128 1820 ¹5
144 1746 234 1807 etiam
259 1765 380 1823 quaero,
410 1748 569 1807 Phalereus
597 1747 647 1809 ille
670 1747 841 1808 Demetrius
864 1748 1004 1810 Atticene
1028 1748 1142 1810 dixerit.

146 1842 224 1904 Mihi
239 1842 362 1920 quidem
383 1863 420 1904 ex
440 1842 518 1904 illius
540 1844 725 1906 orationibus
740 1847 881 1907 „redolere
902 1845 985 1924 ipsae
1005 1848 1144 1907 Athenae

144 1941 290 2003 videntur.
333 1943 376 2001 At
394 1953 438 2002 est
460 1941 600 2016 floridior,
619 1955 652 2003 ut
669 1942 711 2004 ita
728 1943 834 2016 dicam,
852 1962 942 2020 quarn
964 1942 1142 2021 Hyperides,

145 2059 236 2117 quarn
251 2037 371 2115 Lysias:
393 2049 498 2099 natura
512 2041 660 2117 quaedam
674 2052 726 2101 aut
736 2043 873 2101 voluntas
888 2039 929 2100 ita
944 2039 1064 2101 dicendi
1079 2041 1141 2100 fuit.

187 2139 226 2196 Et
240 2134 362 2213 quidem
378 2137 441 2197 duo
454 2137 573 2197 luerunt
589 2136 737 2214 peridem
752 2149 870 2215 tempus
890 2136 1048 2198 dissimiles
1067 2136 1144 2197 inter
1158 2107 1207 2248 28⁸⁶

98 2265 133 2299 πο
145 2255 185 2308 se,
202 2236 255 2294 sed
274 2233 367 2294 Attici
388 2245 489 2294 tamen
499 2256 508 2309 ;
535 2254 662 2313 quorum
685 2234 837 2297 Charisius
858 2237 1018 2295 multarum
1039 2234 1144 2296 oratio

145 2352 227 2405 num,
252 2351 326 2409 quas
352 2330 501 2392 scribebat
527 2331 601 2405 aliis,
627 2352 697 2392 curn
724 2352 833 2411 cupere
861 2331 1010 2393 videretur
1036 2331 1144 2392 imitari

145 2429 265 2507 Lysiam
276 2450 284 2503 3
307 2431 511 2490 Demochares
531 2441 641 2502 autern,
664 2429 717 2506 qui
738 2417 1015 2491 suit'Demostheni
1036 2429 1144 2491 sororis

145 2528 231 2601 filius,
247 2539 277 2587 et
291 2526 441 2587 orationes
462 2526 579 2606 scripsit
592 2526 707 2605 aliquot
721 2539 751 2588 et
765 2548 867 2588 earum
882 2547 979 2588 rerum
990 2527 1143 2588 historiam

146 2646 223 2703 quae
237 2635 321 2685 erant
341 2623 469 2685 Athenis
483 2624 576 2702 ipsius
597 2636 694 2686 aetate
714 2637 814 2703 gestae
839 2645 900 2685 non
923 2636 984 2685 tarn
1001 2624 1144 2686 historico

100 2751 130 2799 25
145 2743 237 2800 quarn
268 2720 396 2783 oratorio
429 2742 538 2800 genere
567 2722 744 2801 perscripsit
800 2726 902 2801 Atque
937 2722 1053 2785 Charisi
1081 2725 1145 2783 vult

147 2819 293 2898 Hegesias
308 2839 373 2881 esse
394 2819 506 2894 similis,
522 2820 608 2898 isque
628 2840 661 2882 se
680 2820 722 2881 ita
742 2831 827 2898 putat
847 2820 991 2894 Atticum,
1007 2831 1041 2880 ut
1058 2840 1143 2881 veros

145 2917 211 2979 illos
231 2938 302 2996 prae
323 2937 355 2978 se
375 2938 471 2995 paene
485 2918 613 2999 agrestis
638 2929 730 2997 putet.
777 2921 819 2978 At
843 2916 916 2995 quid
937 2929 983 2978 est
1005 2927 1066 2976 tarn
1090 2919 1144 2977 fra-
1158 2923 1207 2990 ²⁸?

146 3028 237 3090 ctum,
251 3028 313 3075 tarn
333 3001 492 3091 minutum,
506 3029 568 3076 tam
587 3016 618 3076 in
632 3016 705 3094 ipsa,
721 3035 812 3093 quam
826 3028 927 3076 tamen
942 3015 1142 3092 consequitur,

145 3112 346 3174 concinnitate
367 3113 501 3192 puerile?
557 3114 741 3175 ‘Atticorum
766 3113 877 3174 similes
902 3133 967 3174 esse
987 3115 1142 3174 volumus!

99 3235 132 3283 30
146 3211 287 3289 Optime;
311 3223 419 3272 suntne
440 3211 528 3289 igitur
549 3212 580 3272 hi
600 3212 694 3273 Attici
715 3214 868 3273 oratores?
919 3210 1013 3287 ‘Quis
1034 3230 1143 3289 negare

145 3312 265 3387 potest?
307 3311 376 3370 Hos
393 3308 561 3370 imitamur?
603 3312 675 3386 Quo
694 3312 795 3383 modo,
812 3308 863 3387 qui
884 3320 954 3369 sunt
968 3319 998 3368 et
1015 3306 1092 3368 inter
1110 3312 1152 3369 se

179 3481 193 3526 7
210 3464 267 3513 aliis
280 3463 337 3513 add.
352 3464 422 3512 Bake
524 3465 541 3511 8
557 3471 584 3512 et
594 3465 647 3513 vim
659 3472 686 3514 et
695 3464 845 3513 varietatem
861 3463 913 3512 secl.
929 3463 959 3511 E.
975 3460 1005 3511 V.
1017 3461 1147 3511 Eberhard

149 3545 178 3578 ra
194 3531 216 3579 si
227 3530 337 3591 aliquem
349 3530 416 3592 vulg.
429 3546 435 3578 :
451 3531 498 3578 sed
510 3531 619 3590 aliquem
632 3529 654 3578 L
764 3544 796 3592 25
813 3537 891 3590 atque
901 3529 1001 3592 sm'psr':
1018 3535 1044 3576 at
1055 3527 1095 3576 L:
1112 3544 1142 3578 ac

143 3596 216 3661 Jahn
341 3609 372 3655 31
391 3595 519 3643 imitamur
531 3593 565 3644 G:
582 3593 694 3644 imitatur
705 3593 737 3642 H
744 3612 750 3642 ε
768 3595 902 3648 imitantur
912 3591 1026 3642 FOBM²
1091 3609 1142 3656 quo

146 3677 196 3726 quo
208 3660 284 3711 modo
296 3658 382 3708 BHM
814 3660 816 3666 ⁴
