<?xml version="1.0" encoding="UTF-8"?>
<!DOCTYPE html PUBLIC "-//W3C//DTD XHTML 1.0 Transitional//EN"
    "http://www.w3.org/TR/xhtml1/DTD/xhtml1-transitional.dtd">
<html xmlns="http://www.w3.org/1999/xhtml" xml:lang="en" lang="en">
 <head>
  <title>
</title>
<meta http-equiv="Content-Type" content="text/html;charset=utf-8" />
  <meta name='ocr-system' content='tesseract 3.04.00' />
  <meta name='ocr-capabilities' content='ocr_page ocr_carea ocr_par ocr_line ocrx_word'/>
</head>
<body>
  <div class='ocr_page' id='page_1' title='image "./mtvlliciceronis00wilkgoog_0245.png"; bbox 0 0 2588 4178; ppageno 0'>
   <div class='ocr_carea' id='block_1_1' title="bbox 364 205 1211 282">
    <p class='ocr_par' dir='ltr' id='par_1_1' title="bbox 364 205 1211 282">
     <span class='ocr_line' id='line_1_1' title="bbox 364 205 1211 282; baseline 0.002 -18"><span class='ocrx_word' id='word_1_1' title='bbox 364 205 652 267; x_wconf 86' lang='lat' dir='ltr'>PARTITIONES</span> <span class='ocrx_word' id='word_1_2' title='bbox 680 205 933 267; x_wconf 90' lang='lat' dir='ltr'>ORATORIAE</span> <span class='ocrx_word' id='word_1_3' title='bbox 1109 219 1211 282; x_wconf 76' lang='lat'>34117</span> 
     </span>
    </p>
   </div>
   <div class='ocr_carea' id='block_1_2' title="bbox 97 371 1208 3373">
    <p class='ocr_par' dir='ltr' id='par_1_2' title="bbox 97 371 1208 3373">
     <span class='ocr_line' id='line_1_2' title="bbox 149 371 1146 450; baseline 0 -18"><span class='ocrx_word' id='word_1_4' title='bbox 149 371 310 433; x_wconf 83' lang='lat' dir='ltr'>laudabilia</span> <span class='ocrx_word' id='word_1_5' title='bbox 333 371 448 433; x_wconf 92' lang='lat' dir='ltr'>dictum</span> <span class='ocrx_word' id='word_1_6' title='bbox 473 383 578 448; x_wconf 85' lang='lat' dir='ltr'>est-3</span> <span class='ocrx_word' id='word_1_7' title='bbox 605 371 716 433; x_wconf 87' lang='lat' dir='ltr'>deinde</span> <span class='ocrx_word' id='word_1_8' title='bbox 737 384 912 450; x_wconf 87' lang='lat' dir='ltr'>argumento</span> <span class='ocrx_word' id='word_1_9' title='bbox 937 371 1025 432; x_wconf 90' lang='lat' dir='ltr'>etiam</span> <span class='ocrx_word' id='word_1_10' title='bbox 1051 373 1146 445; x_wconf 87' lang='lat' dir='ltr'>firmo,</span> 
     </span>
     <span class='ocr_line' id='line_1_3' title="bbox 148 469 1147 548; baseline 0 -20"><span class='ocrx_word' id='word_1_11' title='bbox 148 469 219 548; x_wconf 90' lang='lat' dir='ltr'>quia</span> <span class='ocrx_word' id='word_1_12' title='bbox 239 481 339 530; x_wconf 92' lang='lat' dir='ltr'>tamen</span> <span class='ocrx_word' id='word_1_13' title='bbox 360 489 450 547; x_wconf 89' lang='lat' dir='ltr'>saepe</span> <span class='ocrx_word' id='word_1_14' title='bbox 470 472 577 530; x_wconf 87' lang='lat' dir='ltr'>salsum</span> <span class='ocrx_word' id='word_1_15' title='bbox 598 481 651 543; x_wconf 85' lang='lat' dir='ltr'>est,</span> <span class='ocrx_word' id='word_1_16' title='bbox 669 489 757 548; x_wconf 90' lang='lat' dir='ltr'>posse</span> <span class='ocrx_word' id='word_1_17' title='bbox 778 482 857 531; x_wconf 89' lang='lat' dir='ltr'>recte</span> <span class='ocrx_word' id='word_1_18' title='bbox 878 490 940 532; x_wconf 93' lang='lat' dir='ltr'>non</span> <span class='ocrx_word' id='word_1_19' title='bbox 961 469 1042 531; x_wconf 90' lang='lat' dir='ltr'>credi</span> <span class='ocrx_word' id='word_1_20' title='bbox 1053 491 1062 545; x_wconf 88' lang='lat'>;</span> <span class='ocrx_word' id='word_1_21' title='bbox 1084 469 1147 529; x_wconf 90' lang='lat' dir='ltr'>viro</span> 
     </span>
     <span class='ocr_line' id='line_1_4' title="bbox 147 565 1147 644; baseline -0.001 -18"><span class='ocrx_word' id='word_1_22' title='bbox 147 566 230 626; x_wconf 94' lang='lat' dir='ltr'>bono</span> <span class='ocrx_word' id='word_1_23' title='bbox 244 576 274 626; x_wconf 90' lang='lat' dir='ltr'>et</span> <span class='ocrx_word' id='word_1_24' title='bbox 284 567 371 626; x_wconf 86' lang='lat' dir='ltr'>firmo</span> <span class='ocrx_word' id='word_1_25' title='bbox 385 565 449 626; x_wconf 92' lang='lat' dir='ltr'>sine</span> <span class='ocrx_word' id='word_1_26' title='bbox 460 565 532 626; x_wconf 89' lang='lat' dir='ltr'>vitio</span> <span class='ocrx_word' id='word_1_27' title='bbox 545 565 653 626; x_wconf 91' lang='lat' dir='ltr'>iudicis</span> <span class='ocrx_word' id='word_1_28' title='bbox 667 586 728 627; x_wconf 90' lang='lat' dir='ltr'>non</span> <span class='ocrx_word' id='word_1_29' title='bbox 741 586 831 644; x_wconf 89' lang='lat' dir='ltr'>posse</span> <span class='ocrx_word' id='word_1_30' title='bbox 844 587 907 627; x_wconf 93' lang='lat' dir='ltr'>non</span> <span class='ocrx_word' id='word_1_31' title='bbox 921 566 1010 628; x_wconf 89' lang='lat' dir='ltr'>credi.</span> <span class='ocrx_word' id='word_1_32' title='bbox 1046 569 1147 643; x_wconf 89' lang='lat' dir='ltr'>Atque</span> 
     </span>
     <span class='ocr_line' id='line_1_5' title="bbox 146 661 1146 739; baseline 0.001 -17"><span class='ocrx_word' id='word_1_33' title='bbox 146 661 245 737; x_wconf 88' lang='lat' dir='ltr'>etiam,</span> <span class='ocrx_word' id='word_1_34' title='bbox 263 662 287 723; x_wconf 95' lang='lat' dir='ltr'>si</span> <span class='ocrx_word' id='word_1_35' title='bbox 301 663 420 724; x_wconf 85' lang='lat' dir='ltr'><strong>obscuri</strong></span> <span class='ocrx_word' id='word_1_36' title='bbox 434 674 525 724; x_wconf 89' lang='lat' dir='ltr'>testes</span> <span class='ocrx_word' id='word_1_37' title='bbox 541 675 628 724; x_wconf 91' lang='lat' dir='ltr'>erunt</span> <span class='ocrx_word' id='word_1_38' title='bbox 641 675 693 724; x_wconf 90' lang='lat' dir='ltr'>aut</span> <span class='ocrx_word' id='word_1_39' title='bbox 707 675 823 739; x_wconf 90' lang='lat' dir='ltr'>tenues,</span> <span class='ocrx_word' id='word_1_40' title='bbox 836 663 998 726; x_wconf 90' lang='lat' dir='ltr'>dicendum</span> <span class='ocrx_word' id='word_1_41' title='bbox 1016 664 1071 725; x_wconf 91' lang='lat' dir='ltr'>erit</span> <span class='ocrx_word' id='word_1_42' title='bbox 1084 683 1146 724; x_wconf 92' lang='lat' dir='ltr'>non</span> 
     </span>
     <span class='ocr_line' id='line_1_6' title="bbox 120 759 1146 838; baseline 0.002 -18"><span class='ocrx_word' id='word_1_43' title='bbox 120 779 213 834; x_wconf 84' lang='lat' dir='ltr'>5esse</span> <span class='ocrx_word' id='word_1_44' title='bbox 229 780 266 820; x_wconf 90' lang='lat' dir='ltr'>ex</span> <span class='ocrx_word' id='word_1_45' title='bbox 282 759 401 820; x_wconf 85' lang='lat' dir='ltr'>fortuna</span> <span class='ocrx_word' id='word_1_46' title='bbox 417 762 508 821; x_wconf 88' lang='lat' dir='ltr'>fidem</span> <span class='ocrx_word' id='word_1_47' title='bbox 529 762 756 838; x_wconf 87' lang='lat' dir='ltr'>ponderandam</span> <span class='ocrx_word' id='word_1_48' title='bbox 777 772 828 822; x_wconf 93' lang='lat' dir='ltr'>aut</span> <span class='ocrx_word' id='word_1_49' title='bbox 847 781 899 823; x_wconf 91' lang='lat' dir='ltr'>eos</span> <span class='ocrx_word' id='word_1_50' title='bbox 918 781 984 822; x_wconf 90' lang='lat' dir='ltr'>esse</span> <span class='ocrx_word' id='word_1_51' title='bbox 1002 761 1146 838; x_wconf 91' lang='lat' dir='ltr'>cuiusque</span> 
     </span>
     <span class='ocr_line' id='line_1_7' title="bbox 146 858 1147 939; baseline 0.002 -21"><span class='ocrx_word' id='word_1_52' title='bbox 146 858 189 919; x_wconf 90' lang='lat' dir='ltr'>rei</span> <span class='ocrx_word' id='word_1_53' title='bbox 217 858 466 936; x_wconf 90' lang='lat' dir='ltr'>locupletissimos</span> <span class='ocrx_word' id='word_1_54' title='bbox 494 859 586 933; x_wconf 88' lang='lat' dir='ltr'>testis,</span> <span class='ocrx_word' id='word_1_55' title='bbox 612 858 671 936; x_wconf 84' lang='lat' dir='ltr'>qui¹</span> <span class='ocrx_word' id='word_1_56' title='bbox 692 860 732 933; x_wconf 91' lang='lat' dir='ltr'>id,</span> <span class='ocrx_word' id='word_1_57' title='bbox 761 862 844 938; x_wconf 90' lang='lat' dir='ltr'>quod</span> <span class='ocrx_word' id='word_1_58' title='bbox 872 871 982 939; x_wconf 80' lang='lat' dir='ltr'><strong>agatur,</strong></span> <span class='ocrx_word' id='word_1_59' title='bbox 1008 859 1147 920; x_wconf 84' lang='lat' dir='ltr'>facillime</span> 
     </span>
     <span class='ocr_line' id='line_1_8' title="bbox 146 953 1147 1034; baseline -0.001 -19"><span class='ocrx_word' id='word_1_60' title='bbox 146 955 222 1016; x_wconf 91' lang='lat' dir='ltr'>scire</span> <span class='ocrx_word' id='word_1_61' title='bbox 246 955 370 1033; x_wconf 91' lang='lat' dir='ltr'><strong>possint.</strong></span> <span class='ocrx_word' id='word_1_62' title='bbox 416 954 469 1016; x_wconf 90' lang='lat' dir='ltr'>Sin</span> <span class='ocrx_word' id='word_1_63' title='bbox 489 955 680 1033; x_wconf 83' lang='lat' dir='ltr'>quaestiones</span> <span class='ocrx_word' id='word_1_64' title='bbox 708 954 827 1016; x_wconf 89' lang='lat' dir='ltr'>habitae</span> <span class='ocrx_word' id='word_1_65' title='bbox 854 966 906 1016; x_wconf 90' lang='lat' dir='ltr'>aut</span> <span class='ocrx_word' id='word_1_66' title='bbox 926 953 1097 1034; x_wconf 89' lang='lat' dir='ltr'>postulatio,</span> <span class='ocrx_word' id='word_1_67' title='bbox 1113 966 1147 1015; x_wconf 91' lang='lat' dir='ltr'>ut</span> 
     </span>
     <span class='ocr_line' id='line_1_9' title="bbox 145 1051 1147 1131; baseline 0 -19"><span class='ocrx_word' id='word_1_68' title='bbox 145 1053 320 1126; x_wconf 84' lang='lat' dir='ltr'>habeantur,</span> <span class='ocrx_word' id='word_1_69' title='bbox 339 1071 459 1112; x_wconf 89' lang='lat' dir='ltr'>causam</span> <span class='ocrx_word' id='word_1_70' title='bbox 479 1051 673 1124; x_wconf 83' lang='lat' dir='ltr'>adiuvabunt,</span> <span class='ocrx_word' id='word_1_71' title='bbox 692 1053 930 1113; x_wconf 86' lang='lat' dir='ltr'>confirmandum</span> <span class='ocrx_word' id='word_1_72' title='bbox 952 1052 1081 1130; x_wconf 87' lang='lat' dir='ltr'>primum</span> <span class='ocrx_word' id='word_1_73' title='bbox 1099 1072 1147 1131; x_wconf 87' lang='lat' dir='ltr'>ge-</span> 
     </span>
     <span class='ocr_line' id='line_1_10' title="bbox 145 1149 1147 1228; baseline 0.002 -19"><span class='ocrx_word' id='word_1_74' title='bbox 145 1170 203 1210; x_wconf 92' lang='lat' dir='ltr'>nus</span> <span class='ocrx_word' id='word_1_75' title='bbox 224 1149 279 1210; x_wconf 90' lang='lat' dir='ltr'>erit</span> <span class='ocrx_word' id='word_1_76' title='bbox 292 1149 522 1228; x_wconf 81' lang='lat' dir='ltr'>quaestionum3</span> <span class='ocrx_word' id='word_1_77' title='bbox 542 1149 705 1217; x_wconf 88' lang='lat' dir='ltr'>dicendum</span> <span class='ocrx_word' id='word_1_78' title='bbox 720 1152 759 1210; x_wconf 90' lang='lat' dir='ltr'>de</span> <span class='ocrx_word' id='word_1_79' title='bbox 773 1149 802 1209; x_wconf 93' lang='lat' dir='ltr'>vi</span> <span class='ocrx_word' id='word_1_80' title='bbox 816 1149 934 1222; x_wconf 92' lang='lat' dir='ltr'>doloris,</span> <span class='ocrx_word' id='word_1_81' title='bbox 950 1152 989 1211; x_wconf 90' lang='lat' dir='ltr'>de</span> <span class='ocrx_word' id='word_1_82' title='bbox 1004 1149 1147 1228; x_wconf 89' lang='lat' dir='ltr'>opinione</span> 
     </span>
     <span class='ocr_line' id='line_1_11' title="bbox 102 1245 1146 1336; baseline 0.004 -32"><span class='ocrx_word' id='word_1_83' title='bbox 102 1269 133 1304; x_wconf 84' lang='lat' dir='ltr'>ro</span> <span class='ocrx_word' id='word_1_84' title='bbox 146 1247 301 1320; x_wconf 89' lang='lat' dir='ltr'>maiorum,</span> <span class='ocrx_word' id='word_1_85' title='bbox 324 1245 376 1324; x_wconf 92' lang='lat' dir='ltr'>qui</span> <span class='ocrx_word' id='word_1_86' title='bbox 400 1267 462 1307; x_wconf 89' lang='lat' dir='ltr'>rem</span> <span class='ocrx_word' id='word_1_87' title='bbox 487 1259 590 1320; x_wconf 86' lang='lat' dir='ltr'>totam,</span> <span class='ocrx_word' id='word_1_88' title='bbox 613 1246 670 1306; x_wconf 92' lang='lat' dir='ltr'>nisi</span> <span class='ocrx_word' id='word_1_89' title='bbox 691 1248 877 1336; x_wconf 71' lang='lat' dir='ltr'>probassent,</span> <span class='ocrx_word' id='word_1_90' title='bbox 896 1258 975 1309; x_wconf 89' lang='lat' dir='ltr'>certe</span> <span class='ocrx_word' id='word_1_91' title='bbox 997 1247 1146 1326; x_wconf 90' lang='lat' dir='ltr'>repudias-</span> 
     </span>
     <span class='ocr_line' id='line_1_12' title="bbox 144 1344 1207 1421; baseline 0 -16"><span class='ocrx_word' id='word_1_92' title='bbox 144 1357 231 1421; x_wconf 86' lang='lat' dir='ltr'>sent3</span> <span class='ocrx_word' id='word_1_93' title='bbox 247 1346 286 1418; x_wconf 78' lang='lat' dir='ltr'>de</span> <span class='ocrx_word' id='word_1_94' title='bbox 296 1344 438 1421; x_wconf 80' lang='lat' dir='ltr'>institutis</span> <span class='ocrx_word' id='word_1_95' title='bbox 447 1344 686 1418; x_wconf 89' lang='lat' dir='ltr'>Atheniensium,</span> <span class='ocrx_word' id='word_1_96' title='bbox 697 1345 896 1419; x_wconf 89' lang='lat' dir='ltr'>Rhodiorum,</span> <span class='ocrx_word' id='word_1_97' title='bbox 905 1344 1147 1406; x_wconf 88' lang='lat' dir='ltr'>doctissimorum</span> <span class='ocrx_word' id='word_1_98' title='bbox 1161 1349 1207 1397; x_wconf 80' lang='lat'>118</span> 
     </span>
     <span class='ocr_line' id='line_1_13' title="bbox 144 1441 1147 1526; baseline 0.001 -24"><span class='ocrx_word' id='word_1_99' title='bbox 144 1442 312 1525; x_wconf 80' lang='lat' dir='ltr'>hominum,</span> <span class='ocrx_word' id='word_1_100' title='bbox 331 1444 413 1520; x_wconf 89' lang='lat' dir='ltr'>apud</span> <span class='ocrx_word' id='word_1_101' title='bbox 431 1462 508 1520; x_wconf 91' lang='lat' dir='ltr'>quos</span> <span class='ocrx_word' id='word_1_102' title='bbox 528 1441 693 1526; x_wconf 47' lang='lat' dir='ltr'>etiams-id</span> <span class='ocrx_word' id='word_1_103' title='bbox 711 1445 794 1521; x_wconf 93' lang='lat' dir='ltr'>quod</span> <span class='ocrx_word' id='word_1_104' title='bbox 815 1442 1040 1504; x_wconf 86' lang='lat' dir='ltr'>acerbissimum</span> <span class='ocrx_word' id='word_1_105' title='bbox 1061 1455 1147 1503; x_wconf 88' lang='lat' dir='ltr'>est—</span> 
     </span>
     <span class='ocr_line' id='line_1_14' title="bbox 144 1537 1147 1619; baseline 0.001 -21"><span class='ocrx_word' id='word_1_106' title='bbox 144 1538 230 1599; x_wconf 88' lang='lat' dir='ltr'>liberi</span> <span class='ocrx_word' id='word_1_107' title='bbox 252 1537 400 1616; x_wconf 84' lang='lat' dir='ltr'>civesque&#39;</span> <span class='ocrx_word' id='word_1_108' title='bbox 416 1550 599 1616; x_wconf 89' lang='lat' dir='ltr'>torquentur,</span> <span class='ocrx_word' id='word_1_109' title='bbox 620 1542 659 1602; x_wconf 88' lang='lat' dir='ltr'>de</span> <span class='ocrx_word' id='word_1_110' title='bbox 681 1552 850 1601; x_wconf 87' lang='lat' dir='ltr'>nostrorum</span> <span class='ocrx_word' id='word_1_111' title='bbox 871 1539 961 1601; x_wconf 88' lang='lat' dir='ltr'>etiam</span> <span class='ocrx_word' id='word_1_112' title='bbox 981 1541 1147 1619; x_wconf 89' lang='lat' dir='ltr'>prudentis-</span> 
     </span>
     <span class='ocr_line' id='line_1_15' title="bbox 144 1631 1146 1715; baseline 0.004 -21"><span class='ocrx_word' id='word_1_113' title='bbox 144 1634 289 1695; x_wconf 91' lang='lat' dir='ltr'>simorum</span> <span class='ocrx_word' id='word_1_114' title='bbox 308 1631 466 1697; x_wconf 87' lang='lat' dir='ltr'>hominum</span> <span class='ocrx_word' id='word_1_115' title='bbox 485 1636 634 1711; x_wconf 90' lang='lat' dir='ltr'>institutis,</span> <span class='ocrx_word' id='word_1_116' title='bbox 652 1637 787 1715; x_wconf 91' lang='lat' dir='ltr'>quicum</span> <span class='ocrx_word' id='word_1_117' title='bbox 801 1636 832 1697; x_wconf 93' lang='lat' dir='ltr'>in</span> <span class='ocrx_word' id='word_1_118' title='bbox 847 1637 988 1699; x_wconf 91' lang='lat' dir='ltr'>dominos</span> <span class='ocrx_word' id='word_1_119' title='bbox 1001 1640 1040 1699; x_wconf 93' lang='lat' dir='ltr'>de</span> <span class='ocrx_word' id='word_1_120' title='bbox 1055 1638 1146 1699; x_wconf 84' lang='lat' dir='ltr'>servis</span> 
     </span>
     <span class='ocr_line' id='line_1_16' title="bbox 100 1733 1145 1814; baseline 0.004 -22"><span class='ocrx_word' id='word_1_121' title='bbox 100 1757 131 1809; x_wconf 84' lang='lat'>15</span> <span class='ocrx_word' id='word_1_122' title='bbox 144 1733 247 1810; x_wconf 91' lang='lat' dir='ltr'>quaeri</span> <span class='ocrx_word' id='word_1_123' title='bbox 263 1733 437 1806; x_wconf 83' lang='lat' dir='ltr'>noluissent,</span> <span class='ocrx_word' id='word_1_124' title='bbox 450 1746 550 1796; x_wconf 85' lang='lat' dir='ltr'>tamen</span> <span class='ocrx_word' id='word_1_125' title='bbox 565 1737 604 1795; x_wconf 91' lang='lat' dir='ltr'>de</span> <span class='ocrx_word' id='word_1_126' title='bbox 618 1735 733 1795; x_wconf 91' lang='lat' dir='ltr'>incestu</span> <span class='ocrx_word' id='word_1_127' title='bbox 747 1746 777 1796; x_wconf 91' lang='lat' dir='ltr'>et</span> <span class='ocrx_word' id='word_1_128' title='bbox 791 1737 831 1796; x_wconf 89' lang='lat' dir='ltr'>de</span> <span class='ocrx_word' id='word_1_129' title='bbox 844 1734 1057 1808; x_wconf 88' lang='lat' dir='ltr'>coniuratione,</span> <span class='ocrx_word' id='word_1_130' title='bbox 1068 1756 1145 1814; x_wconf 90' lang='lat' dir='ltr'>quae</span> 
     </span>
     <span class='ocr_line' id='line_1_17' title="bbox 144 1831 1146 1909; baseline 0.003 -20"><span class='ocrx_word' id='word_1_131' title='bbox 144 1831 223 1890; x_wconf 89' lang='lat' dir='ltr'>sacta</span> <span class='ocrx_word' id='word_1_132' title='bbox 247 1850 296 1890; x_wconf 90' lang='lat' dir='ltr'>me</span> <span class='ocrx_word' id='word_1_133' title='bbox 317 1833 441 1891; x_wconf 90' lang='lat' dir='ltr'>consule</span> <span class='ocrx_word' id='word_1_134' title='bbox 460 1842 513 1904; x_wconf 89' lang='lat' dir='ltr'>est,</span> <span class='ocrx_word' id='word_1_135' title='bbox 530 1834 733 1908; x_wconf 89' lang='lat' dir='ltr'>quaerendum</span> <span class='ocrx_word' id='word_1_136' title='bbox 752 1843 939 1909; x_wconf 85' lang='lat' dir='ltr'>putaverunt.</span> <span class='ocrx_word' id='word_1_137' title='bbox 982 1832 1146 1894; x_wconf 89' lang='lat' dir='ltr'>Inridenda</span> 
     </span>
     <span class='ocr_line' id='line_1_18' title="bbox 144 1925 1145 2011; baseline 0.001 -22"><span class='ocrx_word' id='word_1_138' title='bbox 144 1928 235 1989; x_wconf 92' lang='lat' dir='ltr'>etiam</span> <span class='ocrx_word' id='word_1_139' title='bbox 254 1927 417 2006; x_wconf 88' lang='lat' dir='ltr'>disputatio</span> <span class='ocrx_word' id='word_1_140' title='bbox 438 1925 517 2011; x_wconf 90' lang='lat' dir='ltr'>[est],</span> <span class='ocrx_word' id='word_1_141' title='bbox 533 1948 593 2006; x_wconf 92' lang='lat' dir='ltr'>qua</span> <span class='ocrx_word' id='word_1_142' title='bbox 614 1931 711 1989; x_wconf 90' lang='lat' dir='ltr'>solent</span> <span class='ocrx_word' id='word_1_143' title='bbox 730 1928 773 1989; x_wconf 91' lang='lat' dir='ltr'>uti</span> <span class='ocrx_word' id='word_1_144' title='bbox 791 1931 831 1990; x_wconf 90' lang='lat' dir='ltr'>ad</span> <span class='ocrx_word' id='word_1_145' title='bbox 849 1928 1042 1990; x_wconf 87' lang='lat' dir='ltr'>infirmandas</span> <span class='ocrx_word' id='word_1_146' title='bbox 1056 1950 1145 2007; x_wconf 92' lang='lat' dir='ltr'>quae-</span> 
     </span>
     <span class='ocr_line' id='line_1_19' title="bbox 144 2025 1145 2104; baseline 0.002 -18"><span class='ocrx_word' id='word_1_147' title='bbox 144 2025 265 2099; x_wconf 91' lang='lat' dir='ltr'>stiones,</span> <span class='ocrx_word' id='word_1_148' title='bbox 291 2037 321 2086; x_wconf 93' lang='lat' dir='ltr'>et</span> <span class='ocrx_word' id='word_1_149' title='bbox 348 2025 491 2087; x_wconf 87' lang='lat' dir='ltr'>meditata</span> <span class='ocrx_word' id='word_1_150' title='bbox 514 2025 694 2104; x_wconf 90' lang='lat' dir='ltr'>puerilisque</span> <span class='ocrx_word' id='word_1_151' title='bbox 721 2026 857 2088; x_wconf 85' lang='lat' dir='ltr'>dicenda</span> <span class='ocrx_word' id='word_1_152' title='bbox 900 2029 981 2086; x_wconf 88' lang='lat' dir='ltr'>Turn</span> <span class='ocrx_word' id='word_1_153' title='bbox 1008 2026 1145 2088; x_wconf 82' lang='lat' dir='ltr'>iacienda</span> 
     </span>
     <span class='ocr_line' id='line_1_20' title="bbox 144 2120 1145 2201; baseline 0 -18"><span class='ocrx_word' id='word_1_154' title='bbox 144 2124 220 2183; x_wconf 86' lang='lat' dir='ltr'>fides</span> <span class='ocrx_word' id='word_1_155' title='bbox 239 2121 395 2200; x_wconf 91' lang='lat' dir='ltr'>diligenter</span> <span class='ocrx_word' id='word_1_156' title='bbox 414 2142 480 2183; x_wconf 90' lang='lat' dir='ltr'>esse</span> <span class='ocrx_word' id='word_1_157' title='bbox 500 2134 530 2183; x_wconf 90' lang='lat' dir='ltr'>et</span> <span class='ocrx_word' id='word_1_158' title='bbox 548 2120 614 2183; x_wconf 91' lang='lat' dir='ltr'>sine</span> <span class='ocrx_word' id='word_1_159' title='bbox 634 2122 797 2201; x_wconf 89' lang='lat' dir='ltr'>cupiditate</span> <span class='ocrx_word' id='word_1_160' title='bbox 815 2121 983 2200; x_wconf 90' lang='lat' dir='ltr'>quaesitum</span> <span class='ocrx_word' id='word_1_161' title='bbox 1004 2121 1145 2200; x_wconf 89' lang='lat' dir='ltr'>dictaque</span> 
     </span>
     <span class='ocr_line' id='line_1_21' title="bbox 100 2219 1142 2299; baseline -0.001 -18"><span class='ocrx_word' id='word_1_162' title='bbox 100 2246 131 2281; x_wconf 78' lang='lat'>20</span> <span class='ocrx_word' id='word_1_163' title='bbox 144 2219 328 2299; x_wconf 88' lang='lat' dir='ltr'>quaestionis</span> <span class='ocrx_word' id='word_1_164' title='bbox 351 2219 532 2297; x_wconf 87' lang='lat' dir='ltr'>argumentis</span> <span class='ocrx_word' id='word_1_165' title='bbox 555 2231 586 2280; x_wconf 90' lang='lat' dir='ltr'>et</span> <span class='ocrx_word' id='word_1_166' title='bbox 605 2219 777 2281; x_wconf 88' lang='lat' dir='ltr'>coniectura</span> <span class='ocrx_word' id='word_1_167' title='bbox 796 2221 999 2298; x_wconf 86' lang='lat' dir='ltr'>ponderanda.</span> <span class='ocrx_word' id='word_1_168' title='bbox 1041 2223 1142 2298; x_wconf 89' lang='lat' dir='ltr'>Atque</span> 
     </span>
     <span class='ocr_line' id='line_1_22' title="bbox 144 2316 1184 2409; baseline -0.001 -31"><span class='ocrx_word' id='word_1_169' title='bbox 144 2319 220 2378; x_wconf 90' lang='lat' dir='ltr'>haec</span> <span class='ocrx_word' id='word_1_170' title='bbox 242 2316 440 2378; x_wconf 88' lang='lat' dir='ltr'>accusationis</span> <span class='ocrx_word' id='word_1_171' title='bbox 464 2319 524 2378; x_wconf 86' lang='lat' dir='ltr'>sere</span> <span class='ocrx_word' id='word_1_172' title='bbox 549 2317 684 2378; x_wconf 89' lang='lat' dir='ltr'>membra</span> <span class='ocrx_word' id='word_1_173' title='bbox 707 2329 784 2377; x_wconf 81' lang='lat' dir='ltr'>sunt</span> <span class='ocrx_word' id='word_1_174' title='bbox 829 2317 1020 2379; x_wconf 82' lang='lat' dir='ltr'>Defensionis</span> <span class='ocrx_word' id='word_1_175' title='bbox 1040 2330 1141 2378; x_wconf 90' lang='lat' dir='ltr'>autem</span> <span class='ocrx_word' id='word_1_176' title='bbox 1157 2374 1184 2409; x_wconf 62' lang='lat' dir='ltr'><em>H</em></span> 
     </span>
     <span class='ocr_line' id='line_1_23' title="bbox 143 2414 1142 2494; baseline 0 -19"><span class='ocrx_word' id='word_1_177' title='bbox 143 2415 272 2494; x_wconf 92' lang='lat' dir='ltr'>primum</span> <span class='ocrx_word' id='word_1_178' title='bbox 292 2414 452 2476; x_wconf 86' lang='lat' dir='ltr'>infirmatio</span> <span class='ocrx_word' id='word_1_179' title='bbox 471 2434 635 2488; x_wconf 89' lang='lat' dir='ltr'>causarum,</span> <span class='ocrx_word' id='word_1_180' title='bbox 651 2425 779 2475; x_wconf 89' lang='lat' dir='ltr'>autnon</span> <span class='ocrx_word' id='word_1_181' title='bbox 798 2415 888 2476; x_wconf 83' lang='lat' dir='ltr'>luisse</span> <span class='ocrx_word' id='word_1_182' title='bbox 904 2427 956 2477; x_wconf 91' lang='lat' dir='ltr'>aut</span> <span class='ocrx_word' id='word_1_183' title='bbox 970 2435 1032 2476; x_wconf 91' lang='lat' dir='ltr'>non</span> <span class='ocrx_word' id='word_1_184' title='bbox 1046 2426 1142 2475; x_wconf 87' lang='lat' dir='ltr'>tantas</span> 
     </span>
     <span class='ocr_line' id='line_1_24' title="bbox 143 2507 1141 2591; baseline -0.001 -19"><span class='ocrx_word' id='word_1_185' title='bbox 143 2524 277 2573; x_wconf 89' lang='lat' dir='ltr'>autnon</span> <span class='ocrx_word' id='word_1_186' title='bbox 298 2512 355 2573; x_wconf 92' lang='lat' dir='ltr'>sibi</span> <span class='ocrx_word' id='word_1_187' title='bbox 375 2513 432 2573; x_wconf 92' lang='lat' dir='ltr'>soli</span> <span class='ocrx_word' id='word_1_188' title='bbox 451 2525 503 2574; x_wconf 90' lang='lat' dir='ltr'>aut</span> <span class='ocrx_word' id='word_1_189' title='bbox 516 2507 713 2583; x_wconf 45' lang='lat' dir='ltr'>,commodius</span> <span class='ocrx_word' id='word_1_190' title='bbox 734 2512 866 2591; x_wconf 90' lang='lat' dir='ltr'>potuisse</span> <span class='ocrx_word' id='word_1_191' title='bbox 887 2513 968 2574; x_wconf 91' lang='lat' dir='ltr'>idem</span> <span class='ocrx_word' id='word_1_192' title='bbox 989 2512 1141 2589; x_wconf 90' lang='lat' dir='ltr'>consequi,</span> 
     </span>
     <span class='ocr_line' id='line_1_25' title="bbox 143 2609 1152 2684; baseline 0.001 -15"><span class='ocrx_word' id='word_1_193' title='bbox 143 2620 196 2670; x_wconf 91' lang='lat' dir='ltr'>aut</span> <span class='ocrx_word' id='word_1_194' title='bbox 214 2630 277 2670; x_wconf 92' lang='lat' dir='ltr'>non</span> <span class='ocrx_word' id='word_1_195' title='bbox 295 2610 338 2671; x_wconf 90' lang='lat' dir='ltr'>eis</span> <span class='ocrx_word' id='word_1_196' title='bbox 357 2631 389 2672; x_wconf 91' lang='lat' dir='ltr'>se</span> <span class='ocrx_word' id='word_1_197' title='bbox 408 2631 473 2672; x_wconf 89' lang='lat' dir='ltr'>esse</span> <span class='ocrx_word' id='word_1_198' title='bbox 491 2611 633 2684; x_wconf 84' lang='lat' dir='ltr'>moribus,</span> <span class='ocrx_word' id='word_1_199' title='bbox 648 2631 710 2672; x_wconf 92' lang='lat' dir='ltr'>non</span> <span class='ocrx_word' id='word_1_200' title='bbox 730 2631 766 2671; x_wconf 91' lang='lat' dir='ltr'>ea</span> <span class='ocrx_word' id='word_1_201' title='bbox 784 2609 922 2684; x_wconf 75' lang='lat' dir='ltr'>vita‘aut</span> <span class='ocrx_word' id='word_1_202' title='bbox 934 2612 1033 2670; x_wconf 92' lang='lat' dir='ltr'>nullos</span> <span class='ocrx_word' id='word_1_203' title='bbox 1050 2609 1152 2670; x_wconf 90' lang='lat' dir='ltr'>animi</span> 
     </span>
     <span class='ocr_line' id='line_1_26' title="bbox 99 2707 1144 2787; baseline -0.003 -16"><span class='ocrx_word' id='word_1_204' title='bbox 99 2736 112 2771; x_wconf 77' lang='lat' dir='ltr'>a</span> <span class='ocrx_word' id='word_1_205' title='bbox 117 2736 131 2786; x_wconf 86' lang='lat'><strong>5</strong></span> <span class='ocrx_word' id='word_1_206' title='bbox 145 2719 244 2768; x_wconf 89' lang='lat' dir='ltr'>motus</span> <span class='ocrx_word' id='word_1_207' title='bbox 262 2719 314 2770; x_wconf 77' lang='lat' dir='ltr'>tut</span> <span class='ocrx_word' id='word_1_208' title='bbox 331 2729 393 2769; x_wconf 91' lang='lat' dir='ltr'>non</span> <span class='ocrx_word' id='word_1_209' title='bbox 408 2720 468 2768; x_wconf 88' lang='lat' dir='ltr'>tam</span> <span class='ocrx_word' id='word_1_210' title='bbox 483 2708 656 2787; x_wconf 90' lang='lat' dir='ltr'>impotentis</span> <span class='ocrx_word' id='word_1_211' title='bbox 673 2709 771 2769; x_wconf 87' lang='lat' dir='ltr'>fuisse.</span> <span class='ocrx_word' id='word_1_212' title='bbox 815 2710 1002 2769; x_wconf 87' lang='lat' dir='ltr'>Facultatum</span> <span class='ocrx_word' id='word_1_213' title='bbox 1016 2707 1144 2768; x_wconf 87' lang='lat' dir='ltr'>infirma-</span> 
     </span>
     <span class='ocr_line' id='line_1_27' title="bbox 143 2805 1143 2883; baseline -0.001 -17"><span class='ocrx_word' id='word_1_214' title='bbox 143 2805 225 2866; x_wconf 89' lang='lat' dir='ltr'>tione</span> <span class='ocrx_word' id='word_1_215' title='bbox 243 2817 344 2867; x_wconf 74' lang='lat' dir='ltr'>autem</span> <span class='ocrx_word' id='word_1_216' title='bbox 363 2817 469 2879; x_wconf 90' lang='lat' dir='ltr'>utetur,</span> <span class='ocrx_word' id='word_1_217' title='bbox 485 2806 508 2866; x_wconf 92' lang='lat' dir='ltr'>si</span> <span class='ocrx_word' id='word_1_218' title='bbox 528 2819 580 2867; x_wconf 90' lang='lat' dir='ltr'>aut</span> <span class='ocrx_word' id='word_1_219' title='bbox 592 2807 669 2867; x_wconf 86' lang='lat' dir='ltr'>vires</span> <span class='ocrx_word' id='word_1_220' title='bbox 686 2818 738 2867; x_wconf 89' lang='lat' dir='ltr'>aut</span> <span class='ocrx_word' id='word_1_221' title='bbox 754 2805 887 2866; x_wconf 92' lang='lat' dir='ltr'>animum</span> <span class='ocrx_word' id='word_1_222' title='bbox 907 2816 958 2866; x_wconf 91' lang='lat' dir='ltr'>aut</span> <span class='ocrx_word' id='word_1_223' title='bbox 971 2805 1073 2883; x_wconf 88' lang='lat' dir='ltr'>copias</span> <span class='ocrx_word' id='word_1_224' title='bbox 1091 2820 1143 2866; x_wconf 90' lang='lat' dir='ltr'>aut</span> 
     </span>
     <span class='ocr_line' id='line_1_28' title="bbox 142 2905 1141 2985; baseline 0.001 -22"><span class='ocrx_word' id='word_1_225' title='bbox 142 2924 216 2982; x_wconf 90' lang='lat' dir='ltr'>opes</span> <span class='ocrx_word' id='word_1_226' title='bbox 236 2905 346 2966; x_wconf 82' lang='lat' dir='ltr'>afuisse</span> <span class='ocrx_word' id='word_1_227' title='bbox 367 2905 591 2978; x_wconf 88' lang='lat' dir='ltr'>demonstrabit,</span> <span class='ocrx_word' id='word_1_228' title='bbox 611 2917 663 2965; x_wconf 92' lang='lat' dir='ltr'>aut</span> <span class='ocrx_word' id='word_1_229' title='bbox 681 2905 812 2985; x_wconf 87' lang='lat' dir='ltr'>alienum</span> <span class='ocrx_word' id='word_1_230' title='bbox 834 2915 951 2981; x_wconf 88' lang='lat' dir='ltr'>tempus</span> <span class='ocrx_word' id='word_1_231' title='bbox 971 2915 1024 2964; x_wconf 92' lang='lat' dir='ltr'>aut</span> <span class='ocrx_word' id='word_1_232' title='bbox 1041 2906 1141 2964; x_wconf 90' lang='lat' dir='ltr'>locum</span> 
     </span>
     <span class='ocr_line' id='line_1_29' title="bbox 142 3000 1208 3080; baseline -0.002 -18"><span class='ocrx_word' id='word_1_233' title='bbox 142 3022 205 3062; x_wconf 93' lang='lat' dir='ltr'>non</span> <span class='ocrx_word' id='word_1_234' title='bbox 223 3001 367 3063; x_wconf 90' lang='lat' dir='ltr'>idoneum</span> <span class='ocrx_word' id='word_1_235' title='bbox 386 3014 438 3063; x_wconf 91' lang='lat' dir='ltr'>aut</span> <span class='ocrx_word' id='word_1_236' title='bbox 452 3005 562 3063; x_wconf 89' lang='lat' dir='ltr'>multos</span> <span class='ocrx_word' id='word_1_237' title='bbox 579 3002 714 3075; x_wconf 88' lang='lat' dir='ltr'>arbitros,</span> <span class='ocrx_word' id='word_1_238' title='bbox 730 3023 857 3080; x_wconf 90' lang='lat' dir='ltr'>quorum</span> <span class='ocrx_word' id='word_1_239' title='bbox 872 3003 1005 3063; x_wconf 88' lang='lat' dir='ltr'>crederet</span> <span class='ocrx_word' id='word_1_240' title='bbox 1018 3000 1140 3074; x_wconf 89' lang='lat' dir='ltr'>nemini,</span> <span class='ocrx_word' id='word_1_241' title='bbox 1207 3025 1208 3028; x_wconf 42' lang='lat'>¹</span> 
     </span>
     <span class='ocr_line' id='line_1_30' title="bbox 141 3087 1142 3178; baseline 0.001 -20"><span class='ocrx_word' id='word_1_242' title='bbox 141 3110 274 3159; x_wconf 90' lang='lat' dir='ltr'>autnon</span> <span class='ocrx_word' id='word_1_243' title='bbox 295 3120 328 3160; x_wconf 87' lang='lat' dir='ltr'>se</span> <span class='ocrx_word' id='word_1_244' title='bbox 349 3111 409 3159; x_wconf 87' lang='lat' dir='ltr'>tam</span> <span class='ocrx_word' id='word_1_245' title='bbox 430 3110 576 3177; x_wconf 89' lang='lat' dir='ltr'>apertum,</span> <span class='ocrx_word' id='word_1_246' title='bbox 594 3111 627 3160; x_wconf 94' lang='lat' dir='ltr'>ut</span> <span class='ocrx_word' id='word_1_247' title='bbox 646 3099 678 3161; x_wconf 94' lang='lat' dir='ltr'>id</span> <span class='ocrx_word' id='word_1_248' title='bbox 699 3099 869 3178; x_wconf 88' lang='lat' dir='ltr'>susciperet,</span> <span class='ocrx_word' id='word_1_249' title='bbox 889 3087 972 3176; x_wconf 87' lang='lat' dir='ltr'>quod</span> <span class='ocrx_word' id='word_1_250' title='bbox 993 3101 1142 3159; x_wconf 90' lang='lat' dir='ltr'>occultare</span> 
     </span>
     <span class='ocr_line' id='line_1_31' title="bbox 97 3194 1142 3276; baseline -0.001 -19"><span class='ocrx_word' id='word_1_251' title='bbox 97 3218 205 3271; x_wconf 72' lang='lat' dir='ltr'>3onon</span> <span class='ocrx_word' id='word_1_252' title='bbox 232 3209 343 3276; x_wconf 88' lang='lat' dir='ltr'>posset,</span> <span class='ocrx_word' id='word_1_253' title='bbox 368 3217 467 3275; x_wconf 91' lang='lat' dir='ltr'>neque</span> <span class='ocrx_word' id='word_1_254' title='bbox 494 3209 556 3258; x_wconf 83' lang='lat' dir='ltr'>tam·</span> <span class='ocrx_word' id='word_1_255' title='bbox 585 3209 746 3271; x_wconf 88' lang='lat' dir='ltr'>amentem,</span> <span class='ocrx_word' id='word_1_256' title='bbox 770 3209 803 3258; x_wconf 93' lang='lat' dir='ltr'>ut</span> <span class='ocrx_word' id='word_1_257' title='bbox 826 3217 939 3275; x_wconf 88' lang='lat' dir='ltr'>poenas</span> <span class='ocrx_word' id='word_1_258' title='bbox 969 3215 1006 3255; x_wconf 91' lang='lat' dir='ltr'>ac</span> <span class='ocrx_word' id='word_1_259' title='bbox 1031 3194 1142 3256; x_wconf 91' lang='lat' dir='ltr'>iudicia</span> 
     </span>
     <span class='ocr_line' id='line_1_32' title="bbox 140 3294 1204 3373; baseline 0 -18"><span class='ocrx_word' id='word_1_260' title='bbox 140 3307 354 3357; x_wconf 88' lang='lat' dir='ltr'>contemneret.</span> <span class='ocrx_word' id='word_1_261' title='bbox 397 3294 621 3373; x_wconf 88' lang='lat' dir='ltr'>Consequentia</span> <span class='ocrx_word' id='word_1_262' title='bbox 642 3306 744 3356; x_wconf 92' lang='lat' dir='ltr'>autem</span> <span class='ocrx_word' id='word_1_263' title='bbox 764 3295 859 3356; x_wconf 93' lang='lat' dir='ltr'>diluet</span> <span class='ocrx_word' id='word_1_264' title='bbox 879 3296 1058 3373; x_wconf 87' lang='lat' dir='ltr'>exponendo</span> <span class='ocrx_word' id='word_1_265' title='bbox 1078 3314 1140 3354; x_wconf 90' lang='lat' dir='ltr'>non</span> <span class='ocrx_word' id='word_1_266' title='bbox 1156 3318 1204 3355; x_wconf 83' lang='lat'>120</span> 
     </span>
    </p>
   </div>
   <div class='ocr_carea' id='block_1_3' title="bbox 1189 2375 1204 2425">
    <p class='ocr_par' dir='ltr' id='par_1_3' title="bbox 1189 2375 1204 2425">
     <span class='ocr_line' id='line_1_33' title="bbox 1189 2375 1204 2425; baseline 0 0"><span class='ocrx_word' id='word_1_267' title='bbox 1189 2375 1204 2425; x_wconf 88' lang='grc'><strong>9</strong></span> 
     </span>
    </p>
   </div>
   <div class='ocr_carea' id='block_1_4' title="bbox 139 3441 1143 3654">
    <p class='ocr_par' dir='ltr' id='par_1_4' title="bbox 139 3441 1143 3654">
     <span class='ocr_line' id='line_1_34' title="bbox 174 3441 1143 3516; baseline -0.003 -15"><span class='ocrx_word' id='word_1_268' title='bbox 174 3467 189 3501; x_wconf 84' lang='lat' dir='ltr'>a</span> <span class='ocrx_word' id='word_1_269' title='bbox 206 3441 284 3516; x_wconf 74' lang='lat' dir='ltr'>posse</span> <span class='ocrx_word' id='word_1_270' title='bbox 295 3453 332 3502; x_wconf 86' lang='lat' dir='ltr'>P:</span> <span class='ocrx_word' id='word_1_271' title='bbox 350 3453 466 3516; x_wconf 84' lang='lat' dir='ltr'>potuisse</span> <span class='ocrx_word' id='word_1_272' title='bbox 485 3451 554 3502; x_wconf 85' lang='lat' dir='ltr'>codd.</span> <span class='ocrx_word' id='word_1_273' title='bbox 572 3451 628 3501; x_wconf 74' lang='lat' dir='ltr'>dett.</span> <span class='ocrx_word' id='word_1_274' title='bbox 745 3465 761 3515; x_wconf 89' lang='lat'>5</span> <span class='ocrx_word' id='word_1_275' title='bbox 779 3450 902 3513; x_wconf 86' lang='lat' dir='ltr'>cuiusque</span> <span class='ocrx_word' id='word_1_276' title='bbox 918 3449 987 3500; x_wconf 80' lang='lat' dir='ltr'>codd.</span> <span class='ocrx_word' id='word_1_277' title='bbox 1001 3465 1008 3498; x_wconf 75' lang='grc' dir='ltr'><strong><em>ε</em></strong></span> <span class='ocrx_word' id='word_1_278' title='bbox 1024 3449 1100 3498; x_wconf 88' lang='lat' dir='ltr'>huius</span> <span class='ocrx_word' id='word_1_279' title='bbox 1117 3449 1143 3498; x_wconf 85' lang='grc' dir='ltr'><em>Ρ</em></span> 
     </span>
     <span class='ocr_line' id='line_1_35' title="bbox 139 3513 1141 3582; baseline -0.002 -16"><span class='ocrx_word' id='word_1_280' title='bbox 139 3519 242 3581; x_wconf 83' lang='lat' dir='ltr'>6quod</span> <span class='ocrx_word' id='word_1_281' title='bbox 253 3518 295 3568; x_wconf 86' lang='lat' dir='ltr'>P:</span> <span class='ocrx_word' id='word_1_282' title='bbox 311 3519 344 3567; x_wconf 89' lang='lat' dir='ltr'>de</span> <span class='ocrx_word' id='word_1_283' title='bbox 356 3534 407 3582; x_wconf 87' lang='lat' dir='ltr'>quo</span> <span class='ocrx_word' id='word_1_284' title='bbox 418 3517 485 3570; x_wconf 82' lang='lat' dir='ltr'>codd.</span> <span class='ocrx_word' id='word_1_285' title='bbox 586 3517 697 3567; x_wconf 78' lang='lat' dir='ltr'>sacileP</span> <span class='ocrx_word' id='word_1_286' title='bbox 810 3531 839 3579; x_wconf 81' lang='lat'>17</span> <span class='ocrx_word' id='word_1_287' title='bbox 857 3523 896 3566; x_wconf 87' lang='lat' dir='ltr'>est</span> <span class='ocrx_word' id='word_1_288' title='bbox 908 3513 997 3567; x_wconf 85' lang='lat' dir='ltr'>om.P</span> <span class='ocrx_word' id='word_1_289' title='bbox 1108 3531 1141 3578; x_wconf 78' lang='lat'>29</span> 
     </span>
     <span class='ocr_line' id='line_1_36' title="bbox 139 3584 602 3654; baseline 0 -22"><span class='ocrx_word' id='word_1_290' title='bbox 139 3591 256 3654; x_wconf 76' lang='lat' dir='ltr'>apertum</span> <span class='ocrx_word' id='word_1_291' title='bbox 267 3584 336 3634; x_wconf 81' lang='lat' dir='ltr'>codd.</span> <span class='ocrx_word' id='word_1_292' title='bbox 351 3602 357 3634; x_wconf 94' lang='lat'><strong>:</strong></span> <span class='ocrx_word' id='word_1_293' title='bbox 374 3584 490 3648; x_wconf 84' lang='lat' dir='ltr'>ineptum</span> <span class='ocrx_word' id='word_1_294' title='bbox 501 3585 602 3633; x_wconf 77' lang='lat' dir='ltr'>Ernesti</span> 
     </span>
    </p>
   </div>
   <div class='ocr_carea' id='block_1_5' title="bbox 0 0 1298 4178">
    <p class='ocr_par' dir='ltr' id='par_1_5' title="bbox 0 0 1298 4178">
     <span class='ocr_line' id='line_1_37' title="bbox 0 0 1298 4178; baseline 0 1"><span class='ocrx_word' id='word_1_295' title='bbox 0 0 1298 4178; x_wconf 95' lang='lat' dir='ltr'> </span> 
     </span>
    </p>
   </div>
  </div>
 </body>
</html>
