<?xml version="1.0" encoding="UTF-8"?>
<!DOCTYPE html PUBLIC "-//W3C//DTD XHTML 1.0 Transitional//EN"
    "http://www.w3.org/TR/xhtml1/DTD/xhtml1-transitional.dtd">
<html xmlns="http://www.w3.org/1999/xhtml" xml:lang="en" lang="en">
 <head>
  <title>
</title>
<meta http-equiv="Content-Type" content="text/html;charset=utf-8" />
  <meta name='ocr-system' content='tesseract 3.04.00' />
  <meta name='ocr-capabilities' content='ocr_page ocr_carea ocr_par ocr_line ocrx_word'/>
</head>
<body>
  <div class='ocr_page' id='page_1' title='image "./mtvlliciceronis00wilkgoog_0261.png"; bbox 0 0 2588 4178; ppageno 0'>
   <div class='ocr_carea' id='block_1_1' title="bbox 552 201 1172 297">
    <p class='ocr_par' dir='ltr' id='par_1_1' title="bbox 552 201 1172 297">
     <span class='ocr_line' id='line_1_1' title="bbox 552 201 1172 297; baseline -0.006 -33"><span class='ocrx_word' id='word_1_1' title='bbox 552 205 711 266; x_wconf 68' lang='lat' dir='ltr'>&#39;romeu</span> <span class='ocrx_word' id='word_1_2' title='bbox 796 292 797 297; x_wconf 7' lang='grc' dir='ltr'><strong><em>Ν</em></strong></span> <span class='ocrx_word' id='word_1_3' title='bbox 1106 201 1172 273; x_wconf 61' lang='lat' dir='ltr'>a„</span> 
     </span>
    </p>
   </div>
   <div class='ocr_carea' id='block_1_2' title="bbox 83 370 1173 3480">
    <p class='ocr_par' dir='ltr' id='par_1_2' title="bbox 128 370 1127 744">
     <span class='ocr_line' id='line_1_2' title="bbox 128 370 1126 449; baseline 0 -19"><span class='ocrx_word' id='word_1_4' title='bbox 128 372 270 432; x_wconf 86' lang='lat' dir='ltr'>formulas</span> <span class='ocrx_word' id='word_1_5' title='bbox 290 371 427 449; x_wconf 82' lang='lat' dir='ltr'>partiare,</span> <span class='ocrx_word' id='word_1_6' title='bbox 447 393 509 432; x_wconf 94' lang='lat' dir='ltr'>non</span> <span class='ocrx_word' id='word_1_7' title='bbox 532 383 576 433; x_wconf 92' lang='lat' dir='ltr'>est</span> <span class='ocrx_word' id='word_1_8' title='bbox 596 371 736 432; x_wconf 85' lang='lat' dir='ltr'>vitiosum</span> <span class='ocrx_word' id='word_1_9' title='bbox 761 370 792 431; x_wconf 91' lang='lat' dir='ltr'>in</span> <span class='ocrx_word' id='word_1_10' title='bbox 814 391 845 432; x_wconf 93' lang='lat' dir='ltr'>re</span> <span class='ocrx_word' id='word_1_11' title='bbox 866 370 982 431; x_wconf 89' lang='lat' dir='ltr'>infinita</span> <span class='ocrx_word' id='word_1_12' title='bbox 1001 381 1126 448; x_wconf 85' lang='lat' dir='ltr'>praeter-</span> 
     </span>
     <span class='ocr_line' id='line_1_3' title="bbox 129 469 1123 548; baseline 0 -19"><span class='ocrx_word' id='word_1_13' title='bbox 129 470 247 531; x_wconf 87' lang='lat' dir='ltr'><strong>mittere</strong></span> <span class='ocrx_word' id='word_1_14' title='bbox 274 469 396 548; x_wconf 89' lang='lat' dir='ltr'>aliquid.</span> <span class='ocrx_word' id='word_1_15' title='bbox 443 472 536 547; x_wconf 89' lang='lat' dir='ltr'>Quod</span> <span class='ocrx_word' id='word_1_16' title='bbox 565 470 646 531; x_wconf 92' lang='lat' dir='ltr'>idem</span> <span class='ocrx_word' id='word_1_17' title='bbox 673 470 705 529; x_wconf 93' lang='lat' dir='ltr'>in</span> <span class='ocrx_word' id='word_1_18' title='bbox 733 469 880 530; x_wconf 90' lang='lat' dir='ltr'>divisione</span> <span class='ocrx_word' id='word_1_19' title='bbox 903 469 1043 529; x_wconf 89' lang='lat' dir='ltr'>vitiosum</span> <span class='ocrx_word' id='word_1_20' title='bbox 1070 481 1123 529; x_wconf 84' lang='lat' dir='ltr'>est</span> 
     </span>
     <span class='ocr_line' id='line_1_4' title="bbox 130 566 1126 645; baseline -0.001 -19"><span class='ocrx_word' id='word_1_21' title='bbox 130 570 304 628; x_wconf 86' lang='lat' dir='ltr'>Formarum</span> <span class='ocrx_word' id='word_1_22' title='bbox 327 567 408 628; x_wconf 90' lang='lat' dir='ltr'>enim</span> <span class='ocrx_word' id='word_1_23' title='bbox 432 580 529 630; x_wconf 91' lang='lat' dir='ltr'>certus</span> <span class='ocrx_word' id='word_1_24' title='bbox 553 578 599 630; x_wconf 91' lang='lat' dir='ltr'>est</span> <span class='ocrx_word' id='word_1_25' title='bbox 623 587 765 628; x_wconf 90' lang='lat' dir='ltr'>numerus</span> <span class='ocrx_word' id='word_1_26' title='bbox 792 587 870 645; x_wconf 91' lang='lat' dir='ltr'>quae</span> <span class='ocrx_word' id='word_1_27' title='bbox 894 566 1003 644; x_wconf 90' lang='lat' dir='ltr'>cuique</span> <span class='ocrx_word' id='word_1_28' title='bbox 1026 566 1126 644; x_wconf 83' lang='lat' dir='ltr'>generi</span> 
     </span>
     <span class='ocr_line' id='line_1_5' title="bbox 129 664 1127 744; baseline -0.001 -20"><span class='ocrx_word' id='word_1_29' title='bbox 129 665 331 741; x_wconf 88' lang='lat' dir='ltr'>subiciantur;</span> <span class='ocrx_word' id='word_1_30' title='bbox 358 665 487 744; x_wconf 73' lang='lat' dir='ltr'>pmtium</span> <span class='ocrx_word' id='word_1_31' title='bbox 508 666 678 728; x_wconf 85' lang='lat' dir='ltr'>distributio</span> <span class='ocrx_word' id='word_1_32' title='bbox 700 685 789 744; x_wconf 88' lang='lat' dir='ltr'>saepe</span> <span class='ocrx_word' id='word_1_33' title='bbox 811 676 856 727; x_wconf 91' lang='lat' dir='ltr'>est</span> <span class='ocrx_word' id='word_1_34' title='bbox 880 664 1030 738; x_wconf 87' lang='lat' dir='ltr'>infinitior,</span> <span class='ocrx_word' id='word_1_35' title='bbox 1055 675 1127 724; x_wconf 90' lang='lat' dir='ltr'>tam·</span> 
     </span>
    </p>

    <p class='ocr_par' dir='ltr' id='par_1_3' title="bbox 100 761 1173 1232">
     <span class='ocr_line' id='line_1_6' title="bbox 100 761 1173 842; baseline -0.007 -14"><span class='ocrx_word' id='word_1_36' title='bbox 100 781 114 828; x_wconf 81' lang='lat'><strong>5</strong></span> <span class='ocrx_word' id='word_1_37' title='bbox 128 783 220 840; x_wconf 93' lang='lat' dir='ltr'>quam</span> <span class='ocrx_word' id='word_1_38' title='bbox 235 763 364 824; x_wconf 89' lang='lat' dir='ltr'>rivorum</span> <span class='ocrx_word' id='word_1_39' title='bbox 378 766 493 825; x_wconf 83' lang='lat' dir='ltr'>alonte</span> <span class='ocrx_word' id='word_1_40' title='bbox 507 764 651 825; x_wconf 87' lang='lat' dir='ltr'>diductio.</span> <span class='ocrx_word' id='word_1_41' title='bbox 696 766 803 842; x_wconf 91' lang='lat' dir='ltr'>Itaque</span> <span class='ocrx_word' id='word_1_42' title='bbox 817 762 848 822; x_wconf 91' lang='lat' dir='ltr'>in</span> <span class='ocrx_word' id='word_1_43' title='bbox 867 762 1001 825; x_wconf 87' lang='lat' dir='ltr'>oratoriis</span> <span class='ocrx_word' id='word_1_44' title='bbox 1014 761 1126 822; x_wconf 90' lang='lat' dir='ltr'>artibus</span> <span class='ocrx_word' id='word_1_45' title='bbox 1141 785 1173 836; x_wconf 75' lang='lat'>34</span> 
     </span>
     <span class='ocr_line' id='line_1_7' title="bbox 128 859 1128 941; baseline -0.001 -22"><span class='ocrx_word' id='word_1_46' title='bbox 128 860 312 938; x_wconf 85' lang='lat' dir='ltr'>quaestionis</span> <span class='ocrx_word' id='word_1_47' title='bbox 336 882 444 940; x_wconf 85' lang='lat' dir='ltr'>genere</span> <span class='ocrx_word' id='word_1_48' title='bbox 466 862 628 941; x_wconf 90' lang='lat' dir='ltr'>proposito,</span> <span class='ocrx_word' id='word_1_49' title='bbox 654 872 729 939; x_wconf 93' lang='lat' dir='ltr'>quot</span> <span class='ocrx_word' id='word_1_50' title='bbox 749 861 813 922; x_wconf 91' lang='lat' dir='ltr'>eius</span> <span class='ocrx_word' id='word_1_51' title='bbox 833 862 946 921; x_wconf 83' lang='lat' dir='ltr'>formae</span> <span class='ocrx_word' id='word_1_52' title='bbox 970 859 1037 934; x_wconf 88' lang='lat' dir='ltr'>sint,</span> <span class='ocrx_word' id='word_1_53' title='bbox 1060 859 1128 919; x_wconf 70' lang='lat' dir='ltr'>sub</span> 
     </span>
     <span class='ocr_line' id='line_1_8' title="bbox 128 954 1166 1036; baseline -0.002 -19"><span class='ocrx_word' id='word_1_54' title='bbox 128 957 260 1036; x_wconf 89' lang='lat' dir='ltr'>iungitur</span> <span class='ocrx_word' id='word_1_55' title='bbox 279 959 424 1020; x_wconf 89' lang='lat' dir='ltr'>absolute.</span> <span class='ocrx_word' id='word_1_56' title='bbox 468 963 510 1019; x_wconf 88' lang='lat' dir='ltr'>At</span> <span class='ocrx_word' id='word_1_57' title='bbox 531 980 599 1020; x_wconf 93' lang='lat' dir='ltr'>cum</span> <span class='ocrx_word' id='word_1_58' title='bbox 621 962 661 1020; x_wconf 91' lang='lat' dir='ltr'>de</span> <span class='ocrx_word' id='word_1_59' title='bbox 681 957 864 1020; x_wconf 89' lang='lat' dir='ltr'>ornamentis</span> <span class='ocrx_word' id='word_1_60' title='bbox 884 959 1041 1032; x_wconf 86' lang='lat' dir='ltr'>verborum</span> <span class='ocrx_word' id='word_1_61' title='bbox 1063 977 1127 1016; x_wconf 91' lang='lat' dir='ltr'>sen·</span> <span class='ocrx_word' id='word_1_62' title='bbox 1165 954 1166 957; x_wconf 66' lang='grc'>’</span> 
     </span>
     <span class='ocr_line' id='line_1_9' title="bbox 128 1054 1125 1136; baseline -0.003 -20"><span class='ocrx_word' id='word_1_63' title='bbox 128 1055 325 1118; x_wconf 89' lang='lat' dir='ltr'>tentiarumve</span> <span class='ocrx_word' id='word_1_64' title='bbox 339 1058 526 1136; x_wconf 89' lang='lat' dir='ltr'>praecipitur,</span> <span class='ocrx_word' id='word_1_65' title='bbox 541 1078 618 1135; x_wconf 88' lang='lat' dir='ltr'>quae</span> <span class='ocrx_word' id='word_1_66' title='bbox 633 1068 741 1118; x_wconf 84' lang='lat' dir='ltr'>vocant</span> <span class='ocrx_word' id='word_1_67' title='bbox 755 1059 900 1136; x_wconf 82' lang='grc' dir='ltr'>σχήματα,</span> <span class='ocrx_word' id='word_1_68' title='bbox 912 1076 974 1117; x_wconf 93' lang='lat' dir='ltr'>non</span> <span class='ocrx_word' id='word_1_69' title='bbox 989 1057 1022 1115; x_wconf 88' lang='lat' dir='ltr'>fit</span> <span class='ocrx_word' id='word_1_70' title='bbox 1036 1054 1125 1115; x_wconf 85' lang='lat' dir='ltr'>idem.</span> 
     </span>
     <span class='ocr_line' id='line_1_10' title="bbox 129 1141 1127 1232; baseline -0.004 -18"><span class='ocrx_word' id='word_1_71' title='bbox 129 1141 192 1214; x_wconf 88' lang='lat' dir='ltr'>Res</span> <span class='ocrx_word' id='word_1_72' title='bbox 207 1166 252 1214; x_wconf 92' lang='lat' dir='ltr'>est</span> <span class='ocrx_word' id='word_1_73' title='bbox 266 1155 346 1215; x_wconf 92' lang='lat' dir='ltr'>enim</span> <span class='ocrx_word' id='word_1_74' title='bbox 362 1155 523 1229; x_wconf 89' lang='lat' dir='ltr'>infinitior;</span> <span class='ocrx_word' id='word_1_75' title='bbox 543 1167 576 1214; x_wconf 92' lang='lat' dir='ltr'>ut</span> <span class='ocrx_word' id='word_1_76' title='bbox 590 1175 627 1216; x_wconf 87' lang='lat' dir='ltr'>ex</span> <span class='ocrx_word' id='word_1_77' title='bbox 640 1157 700 1215; x_wconf 94' lang='lat' dir='ltr'>hoc</span> <span class='ocrx_word' id='word_1_78' title='bbox 713 1175 835 1232; x_wconf 91' lang='lat' dir='ltr'>quoque</span> <span class='ocrx_word' id='word_1_79' title='bbox 854 1155 1040 1231; x_wconf 82' lang='lat' dir='ltr'>intellegatur</span> <span class='ocrx_word' id='word_1_80' title='bbox 1054 1150 1127 1229; x_wconf 92' lang='lat' dir='ltr'>quid</span> 
     </span>
    </p>

    <p class='ocr_par' dir='ltr' id='par_1_4' title="bbox 85 1251 1128 1525">
     <span class='ocr_line' id='line_1_11' title="bbox 85 1251 1128 1331; baseline 0.001 -25"><span class='ocrx_word' id='word_1_81' title='bbox 85 1270 115 1306; x_wconf 82' lang='grc' dir='ltr'>ιο</span> <span class='ocrx_word' id='word_1_82' title='bbox 127 1251 255 1312; x_wconf 88' lang='lat' dir='ltr'>velimus</span> <span class='ocrx_word' id='word_1_83' title='bbox 269 1252 346 1314; x_wconf 93' lang='lat' dir='ltr'>inter</span> <span class='ocrx_word' id='word_1_84' title='bbox 366 1253 555 1331; x_wconf 87' lang='lat' dir='ltr'>partitionem</span> <span class='ocrx_word' id='word_1_85' title='bbox 575 1264 605 1313; x_wconf 96' lang='lat' dir='ltr'>et</span> <span class='ocrx_word' id='word_1_86' title='bbox 625 1251 803 1312; x_wconf 91' lang='lat' dir='ltr'>divisionem</span> <span class='ocrx_word' id='word_1_87' title='bbox 823 1251 972 1312; x_wconf 90' lang='lat' dir='ltr'>interesse.</span> <span class='ocrx_word' id='word_1_88' title='bbox 1017 1251 1128 1326; x_wconf 90' lang='lat' dir='ltr'>Quam·</span> 
     </span>
     <span class='ocr_line' id='line_1_12' title="bbox 128 1349 1127 1428; baseline -0.004 -19"><span class='ocrx_word' id='word_1_89' title='bbox 128 1369 220 1427; x_wconf 88' lang='lat' dir='ltr'>quam</span> <span class='ocrx_word' id='word_1_90' title='bbox 240 1349 320 1410; x_wconf 91' lang='lat' dir='ltr'>enim</span> <span class='ocrx_word' id='word_1_91' title='bbox 335 1351 482 1412; x_wconf 88' lang='lat' dir='ltr'>vocabula</span> <span class='ocrx_word' id='word_1_92' title='bbox 502 1369 595 1428; x_wconf 91' lang='lat' dir='ltr'>prope</span> <span class='ocrx_word' id='word_1_93' title='bbox 616 1350 697 1410; x_wconf 92' lang='lat' dir='ltr'>idem</span> <span class='ocrx_word' id='word_1_94' title='bbox 711 1352 808 1410; x_wconf 90' lang='lat' dir='ltr'>valere</span> <span class='ocrx_word' id='word_1_95' title='bbox 824 1349 1009 1421; x_wconf 91' lang='lat' dir='ltr'>videbantur,</span> <span class='ocrx_word' id='word_1_96' title='bbox 1026 1358 1127 1407; x_wconf 88' lang='lat' dir='ltr'>tamen</span> 
     </span>
     <span class='ocr_line' id='line_1_13' title="bbox 128 1431 1013 1525; baseline -0.003 -18"><span class='ocrx_word' id='word_1_97' title='bbox 128 1431 200 1525; x_wconf 86' lang='lat' dir='ltr'>quia</span> <span class='ocrx_word' id='word_1_98' title='bbox 213 1467 259 1508; x_wconf 93' lang='lat' dir='ltr'>res</span> <span class='ocrx_word' id='word_1_99' title='bbox 274 1448 459 1522; x_wconf 82' lang='lat' dir='ltr'>differebant,</span> <span class='ocrx_word' id='word_1_100' title='bbox 475 1447 599 1509; x_wconf 90' lang='lat' dir='ltr'>nomina</span> <span class='ocrx_word' id='word_1_101' title='bbox 613 1467 710 1508; x_wconf 93' lang='lat' dir='ltr'>rerum</span> <span class='ocrx_word' id='word_1_102' title='bbox 725 1447 834 1508; x_wconf 90' lang='lat' dir='ltr'>distare</span> <span class='ocrx_word' id='word_1_103' title='bbox 848 1449 1013 1507; x_wconf 90' lang='lat' dir='ltr'>voluerunt.</span> 
     </span>
    </p>

    <p class='ocr_par' dir='ltr' id='par_1_5' title="bbox 83 1545 1172 3480">
     <span class='ocr_line' id='line_1_14' title="bbox 170 1545 1171 1615; baseline -0.004 -11"><span class='ocrx_word' id='word_1_104' title='bbox 170 1547 269 1605; x_wconf 89' lang='lat' dir='ltr'>Multa</span> <span class='ocrx_word' id='word_1_105' title='bbox 297 1545 386 1606; x_wconf 89' lang='lat' dir='ltr'>etiarn</span> <span class='ocrx_word' id='word_1_106' title='bbox 411 1567 448 1606; x_wconf 88' lang='lat' dir='ltr'>ex</span> <span class='ocrx_word' id='word_1_107' title='bbox 475 1545 629 1606; x_wconf 91' lang='lat' dir='ltr'>notatione</span> <span class='ocrx_word' id='word_1_108' title='bbox 662 1557 827 1605; x_wconf 91' lang='lat' dir='ltr'>sumuntur.</span> <span class='ocrx_word' id='word_1_109' title='bbox 852 1546 917 1604; x_wconf 72' lang='grc' dir='ltr'>,Εα</span> <span class='ocrx_word' id='word_1_110' title='bbox 944 1555 989 1603; x_wconf 91' lang='lat' dir='ltr'>est</span> <span class='ocrx_word' id='word_1_111' title='bbox 1016 1553 1171 1615; x_wconf 75' lang='lat' dir='ltr'>autem,35</span> 
     </span>
     <span class='ocr_line' id='line_1_15' title="bbox 128 1639 1128 1722; baseline -0.003 -20"><span class='ocrx_word' id='word_1_112' title='bbox 128 1663 200 1702; x_wconf 93' lang='lat' dir='ltr'>cum</span> <span class='ocrx_word' id='word_1_113' title='bbox 228 1663 264 1704; x_wconf 89' lang='lat' dir='ltr'>ex</span> <span class='ocrx_word' id='word_1_114' title='bbox 291 1644 320 1702; x_wconf 93' lang='lat' dir='ltr'>vi</span> <span class='ocrx_word' id='word_1_115' title='bbox 348 1643 478 1704; x_wconf 89' lang='lat' dir='ltr'>nominis</span> <span class='ocrx_word' id='word_1_116' title='bbox 505 1655 712 1722; x_wconf 86' lang='lat' dir='ltr'>argumentum</span> <span class='ocrx_word' id='word_1_117' title='bbox 741 1642 874 1716; x_wconf 91' lang='lat' dir='ltr'>elicitur;</span> <span class='ocrx_word' id='word_1_118' title='bbox 902 1662 993 1720; x_wconf 91' lang='lat' dir='ltr'>quam</span> <span class='ocrx_word' id='word_1_119' title='bbox 1022 1639 1128 1700; x_wconf 87' lang='lat' dir='ltr'>Graeci</span> 
     </span>
     <span class='ocr_line' id='line_1_16' title="bbox 85 1737 1129 1823; baseline -0.003 -24"><span class='ocrx_word' id='word_1_120' title='bbox 85 1762 115 1814; x_wconf 79' lang='lat'>1⁵</span> <span class='ocrx_word' id='word_1_121' title='bbox 128 1744 316 1823; x_wconf 72' lang='grc' dir='ltr'>ἕτυμολογίαν</span> <span class='ocrx_word' id='word_1_122' title='bbox 329 1744 489 1820; x_wconf 86' lang='lat' dir='ltr'>appellant,</span> <span class='ocrx_word' id='word_1_123' title='bbox 505 1741 536 1802; x_wconf 91' lang='lat' dir='ltr'>id</span> <span class='ocrx_word' id='word_1_124' title='bbox 556 1752 600 1801; x_wconf 90' lang='lat' dir='ltr'>est</span> <span class='ocrx_word' id='word_1_125' title='bbox 614 1741 738 1802; x_wconf 93' lang='lat' dir='ltr'>verbum</span> <span class='ocrx_word' id='word_1_126' title='bbox 753 1761 788 1801; x_wconf 91' lang='lat' dir='ltr'>ex</span> <span class='ocrx_word' id='word_1_127' title='bbox 807 1742 899 1800; x_wconf 91' lang='lat' dir='ltr'>verbo</span> <span class='ocrx_word' id='word_1_128' title='bbox 912 1737 1108 1816; x_wconf 89' lang='lat' dir='ltr'>veriloquium</span> <span class='ocrx_word' id='word_1_129' title='bbox 1120 1758 1129 1811; x_wconf 88' lang='lat'>;</span> 
     </span>
     <span class='ocr_line' id='line_1_17' title="bbox 128 1837 1127 1916; baseline -0.003 -19"><span class='ocrx_word' id='word_1_130' title='bbox 128 1858 186 1898; x_wconf 94' lang='lat' dir='ltr'>nos</span> <span class='ocrx_word' id='word_1_131' title='bbox 206 1851 307 1900; x_wconf 91' lang='lat' dir='ltr'>autem</span> <span class='ocrx_word' id='word_1_132' title='bbox 329 1840 491 1900; x_wconf 86' lang='lat' dir='ltr'>novitatem</span> <span class='ocrx_word' id='word_1_133' title='bbox 507 1839 589 1901; x_wconf 91' lang='lat' dir='ltr'>verbi</span> <span class='ocrx_word' id='word_1_134' title='bbox 610 1860 671 1900; x_wconf 92' lang='lat' dir='ltr'>non</span> <span class='ocrx_word' id='word_1_135' title='bbox 694 1839 764 1900; x_wconf 90' lang='lat' dir='ltr'>satis</span> <span class='ocrx_word' id='word_1_136' title='bbox 784 1838 846 1916; x_wconf 92' lang='lat' dir='ltr'>apti</span> <span class='ocrx_word' id='word_1_137' title='bbox 867 1837 1013 1916; x_wconf 82' lang='lat' dir='ltr'>fugientes</span> <span class='ocrx_word' id='word_1_138' title='bbox 1033 1854 1127 1914; x_wconf 90' lang='lat' dir='ltr'>genus</span> 
     </span>
     <span class='ocr_line' id='line_1_18' title="bbox 128 1937 1125 2016; baseline -0.004 -20"><span class='ocrx_word' id='word_1_139' title='bbox 128 1937 189 1997; x_wconf 92' lang='lat' dir='ltr'>hoc</span> <span class='ocrx_word' id='word_1_140' title='bbox 208 1937 394 1997; x_wconf 85' lang='lat' dir='ltr'>notationem</span> <span class='ocrx_word' id='word_1_141' title='bbox 414 1940 607 2016; x_wconf 88' lang='lat' dir='ltr'>appellamus,</span> <span class='ocrx_word' id='word_1_142' title='bbox 624 1937 695 2014; x_wconf 90' lang='lat' dir='ltr'>quia</span> <span class='ocrx_word' id='word_1_143' title='bbox 716 1949 784 1996; x_wconf 91' lang='lat' dir='ltr'>sunt</span> <span class='ocrx_word' id='word_1_144' title='bbox 801 1937 891 1996; x_wconf 89' lang='lat' dir='ltr'>verba</span> <span class='ocrx_word' id='word_1_145' title='bbox 911 1954 1008 1995; x_wconf 90' lang='lat' dir='ltr'>rerum</span> <span class='ocrx_word' id='word_1_146' title='bbox 1029 1944 1125 1994; x_wconf 85' lang='lat' dir='ltr'>notae.</span> 
     </span>
     <span class='ocr_line' id='line_1_19' title="bbox 129 2032 1128 2113; baseline -0.003 -19"><span class='ocrx_word' id='word_1_147' title='bbox 129 2035 237 2112; x_wconf 90' lang='lat' dir='ltr'>Itaque</span> <span class='ocrx_word' id='word_1_148' title='bbox 261 2037 320 2096; x_wconf 89' lang='lat' dir='ltr'>hoc</span> <span class='ocrx_word' id='word_1_149' title='bbox 348 2034 470 2113; x_wconf 91' lang='lat' dir='ltr'>quidem</span> <span class='ocrx_word' id='word_1_150' title='bbox 499 2034 673 2095; x_wconf 90' lang='lat' dir='ltr'>Aristoteles</span> <span class='ocrx_word' id='word_1_151' title='bbox 701 2037 854 2112; x_wconf 82' lang='grc' dir='ltr'>σύμβολον</span> <span class='ocrx_word' id='word_1_152' title='bbox 881 2034 1018 2111; x_wconf 86' lang='lat' dir='ltr'>appellat,</span> <span class='ocrx_word' id='word_1_153' title='bbox 1044 2032 1128 2109; x_wconf 93' lang='lat' dir='ltr'>quod</span> 
     </span>
     <span class='ocr_line' id='line_1_20' title="bbox 129 2129 1126 2210; baseline -0.004 -19"><span class='ocrx_word' id='word_1_154' title='bbox 129 2132 236 2194; x_wconf 88' lang='lat' dir='ltr'>Latine</span> <span class='ocrx_word' id='word_1_155' title='bbox 264 2146 309 2194; x_wconf 89' lang='lat' dir='ltr'>est</span> <span class='ocrx_word' id='word_1_156' title='bbox 337 2145 416 2194; x_wconf 88' lang='lat' dir='ltr'>nota.</span> <span class='ocrx_word' id='word_1_157' title='bbox 460 2134 519 2193; x_wconf 89' lang='lat' dir='ltr'>Sed</span> <span class='ocrx_word' id='word_1_158' title='bbox 547 2153 617 2193; x_wconf 92' lang='lat' dir='ltr'>cum</span> <span class='ocrx_word' id='word_1_159' title='bbox 639 2131 818 2210; x_wconf 91' lang='lat' dir='ltr'>intellegitur</span> <span class='ocrx_word' id='word_1_160' title='bbox 842 2132 915 2208; x_wconf 92' lang='lat' dir='ltr'>quid</span> <span class='ocrx_word' id='word_1_161' title='bbox 937 2129 1126 2208; x_wconf 90' lang='lat' dir='ltr'>significetur,</span> 
     </span>
     <span class='ocr_line' id='line_1_21' title="bbox 83 2227 1172 2307; baseline -0.003 -19"><span class='ocrx_word' id='word_1_162' title='bbox 83 2253 117 2288; x_wconf 65' lang='grc' dir='ltr'>πο</span> <span class='ocrx_word' id='word_1_163' title='bbox 131 2230 230 2291; x_wconf 91' lang='lat' dir='ltr'>minus</span> <span class='ocrx_word' id='word_1_164' title='bbox 238 2232 435 2292; x_wconf 90' lang='lat' dir='ltr'>laborandum</span> <span class='ocrx_word' id='word_1_165' title='bbox 445 2242 490 2291; x_wconf 91' lang='lat' dir='ltr'>est</span> <span class='ocrx_word' id='word_1_166' title='bbox 499 2232 537 2291; x_wconf 92' lang='lat' dir='ltr'>de</span> <span class='ocrx_word' id='word_1_167' title='bbox 548 2229 679 2291; x_wconf 91' lang='lat' dir='ltr'>nomine.</span> <span class='ocrx_word' id='word_1_168' title='bbox 703 2232 801 2290; x_wconf 90' lang='lat' dir='ltr'>Multa</span> <span class='ocrx_word' id='word_1_169' title='bbox 809 2228 935 2307; x_wconf 86' lang='lat' dir='ltr'>igiturin</span> <span class='ocrx_word' id='word_1_170' title='bbox 945 2227 1126 2304; x_wconf 89' lang='lat' dir='ltr'>disputando</span> <span class='ocrx_word' id='word_1_171' title='bbox 1139 2227 1172 2293; x_wconf 79' lang='lat'>3⁶</span> 
     </span>
     <span class='ocr_line' id='line_1_22' title="bbox 129 2323 1126 2406; baseline -0.005 -18"><span class='ocrx_word' id='word_1_172' title='bbox 129 2328 285 2389; x_wconf 87' lang='lat' dir='ltr'>notatione</span> <span class='ocrx_word' id='word_1_173' title='bbox 295 2328 453 2389; x_wconf 88' lang='lat' dir='ltr'>eliciuntur</span> <span class='ocrx_word' id='word_1_174' title='bbox 467 2349 503 2389; x_wconf 83' lang='lat' dir='ltr'>ex</span> <span class='ocrx_word' id='word_1_175' title='bbox 514 2330 613 2402; x_wconf 88' lang='lat' dir='ltr'>verb0‚</span> <span class='ocrx_word' id='word_1_176' title='bbox 626 2340 659 2388; x_wconf 93' lang='lat' dir='ltr'>ut</span> <span class='ocrx_word' id='word_1_177' title='bbox 669 2349 738 2388; x_wconf 91' lang='lat' dir='ltr'>curn</span> <span class='ocrx_word' id='word_1_178' title='bbox 751 2327 900 2406; x_wconf 91' lang='lat' dir='ltr'>quaeritur</span> <span class='ocrx_word' id='word_1_179' title='bbox 910 2323 1126 2404; x_wconf 91' lang='lat' dir='ltr'>postliminium</span> 
     </span>
     <span class='ocr_line' id='line_1_23' title="bbox 130 2417 1127 2504; baseline -0.006 -18"><span class='ocrx_word' id='word_1_180' title='bbox 130 2426 204 2504; x_wconf 92' lang='lat' dir='ltr'>quid</span> <span class='ocrx_word' id='word_1_181' title='bbox 219 2426 360 2487; x_wconf 92' lang='lat' dir='ltr'>sit-non</span> <span class='ocrx_word' id='word_1_182' title='bbox 381 2426 451 2488; x_wconf 90' lang='lat' dir='ltr'>dico</span> <span class='ocrx_word' id='word_1_183' title='bbox 472 2447 550 2504; x_wconf 91' lang='lat' dir='ltr'>quae</span> <span class='ocrx_word' id='word_1_184' title='bbox 571 2417 630 2486; x_wconf 91' lang='lat' dir='ltr'>sint</span> <span class='ocrx_word' id='word_1_185' title='bbox 650 2425 815 2504; x_wconf 89' lang='lat' dir='ltr'>postlimini</span> <span class='ocrx_word' id='word_1_186' title='bbox 826 2448 834 2500; x_wconf 79' lang='lat'><em>3</em></span> <span class='ocrx_word' id='word_1_187' title='bbox 864 2445 934 2484; x_wconf 89' lang='lat' dir='ltr'>nam</span> <span class='ocrx_word' id='word_1_188' title='bbox 957 2423 987 2483; x_wconf 83' lang='lat' dir='ltr'>id</span> <span class='ocrx_word' id='word_1_189' title='bbox 1008 2424 1127 2483; x_wconf 92' lang='lat' dir='ltr'>caderet</span> 
     </span>
     <span class='ocr_line' id='line_1_24' title="bbox 130 2522 1127 2602; baseline -0.003 -20"><span class='ocrx_word' id='word_1_190' title='bbox 130 2524 161 2583; x_wconf 91' lang='lat' dir='ltr'>in</span> <span class='ocrx_word' id='word_1_191' title='bbox 179 2523 370 2598; x_wconf 87' lang='lat' dir='ltr'>divisionem,</span> <span class='ocrx_word' id='word_1_192' title='bbox 393 2545 470 2602; x_wconf 92' lang='lat' dir='ltr'>quae</span> <span class='ocrx_word' id='word_1_193' title='bbox 493 2523 559 2584; x_wconf 93' lang='lat' dir='ltr'>talis</span> <span class='ocrx_word' id='word_1_194' title='bbox 583 2536 646 2584; x_wconf 94' lang='lat' dir='ltr'>est:</span> <span class='ocrx_word' id='word_1_195' title='bbox 675 2522 863 2584; x_wconf 90' lang='lat' dir='ltr'>Postliminio</span> <span class='ocrx_word' id='word_1_196' title='bbox 885 2523 1011 2582; x_wconf 89' lang='lat' dir='ltr'>redeunt</span> <span class='ocrx_word' id='word_1_197' title='bbox 1034 2522 1127 2580; x_wconf 91' lang='lat' dir='ltr'>haec:</span> 
     </span>
     <span class='ocr_line' id='line_1_25' title="bbox 130 2619 1127 2699; baseline -0.004 -18"><span class='ocrx_word' id='word_1_198' title='bbox 130 2623 224 2682; x_wconf 89' lang='lat' dir='ltr'>homo</span> <span class='ocrx_word' id='word_1_199' title='bbox 252 2621 336 2682; x_wconf 86' lang='lat' dir='ltr'>navis</span> <span class='ocrx_word' id='word_1_200' title='bbox 366 2624 464 2682; x_wconf 92' lang='lat' dir='ltr'>mulus</span> <span class='ocrx_word' id='word_1_201' title='bbox 493 2621 662 2685; x_wconf 88' lang='lat' dir='ltr'>clitellarius</span> <span class='ocrx_word' id='word_1_202' title='bbox 692 2641 787 2699; x_wconf 92' lang='lat' dir='ltr'>equus</span> <span class='ocrx_word' id='word_1_203' title='bbox 818 2640 896 2698; x_wconf 89' lang='lat' dir='ltr'>equa</span> <span class='ocrx_word' id='word_1_204' title='bbox 923 2639 1001 2696; x_wconf 92' lang='lat' dir='ltr'>quae</span> <span class='ocrx_word' id='word_1_205' title='bbox 1028 2619 1127 2678; x_wconf 85' lang='lat' dir='ltr'>frenos</span> 
     </span>
     <span class='ocr_line' id='line_1_26' title="bbox 85 2714 1128 2797; baseline -0.005 -18"><span class='ocrx_word' id='word_1_206' title='bbox 85 2742 114 2794; x_wconf 81' lang='lat'>²5</span> <span class='ocrx_word' id='word_1_207' title='bbox 129 2718 261 2796; x_wconf 89' lang='lat' dir='ltr'>recipere</span> <span class='ocrx_word' id='word_1_208' title='bbox 288 2722 405 2780; x_wconf 87' lang='lat' dir='ltr'>solet-</span> <span class='ocrx_word' id='word_1_209' title='bbox 415 2741 423 2793; x_wconf 83' lang='lat'>3</span> <span class='ocrx_word' id='word_1_210' title='bbox 451 2721 504 2779; x_wconf 92' lang='lat' dir='ltr'>sed</span> <span class='ocrx_word' id='word_1_211' title='bbox 525 2739 594 2779; x_wconf 90' lang='lat' dir='ltr'>curn</span> <span class='ocrx_word' id='word_1_212' title='bbox 616 2719 709 2796; x_wconf 90' lang='lat' dir='ltr'>ipsius</span> <span class='ocrx_word' id='word_1_213' title='bbox 729 2717 893 2797; x_wconf 89' lang='lat' dir='ltr'>postlimini</span> <span class='ocrx_word' id='word_1_214' title='bbox 914 2716 958 2776; x_wconf 93' lang='lat' dir='ltr'>vis</span> <span class='ocrx_word' id='word_1_215' title='bbox 979 2714 1128 2794; x_wconf 89' lang='lat' dir='ltr'>quaeritur</span> 
     </span>
     <span class='ocr_line' id='line_1_27' title="bbox 130 2812 1125 2896; baseline -0.007 -18"><span class='ocrx_word' id='word_1_216' title='bbox 130 2829 160 2878; x_wconf 90' lang='lat' dir='ltr'>et</span> <span class='ocrx_word' id='word_1_217' title='bbox 174 2818 299 2878; x_wconf 90' lang='lat' dir='ltr'>verbum</span> <span class='ocrx_word' id='word_1_218' title='bbox 313 2818 412 2896; x_wconf 92' lang='lat' dir='ltr'>ipsum</span> <span class='ocrx_word' id='word_1_219' title='bbox 427 2829 565 2892; x_wconf 77' lang='lat' dir='ltr'>notatur,</span> <span class='ocrx_word' id='word_1_220' title='bbox 586 2817 616 2876; x_wconf 92' lang='lat' dir='ltr'>in</span> <span class='ocrx_word' id='word_1_221' title='bbox 631 2837 692 2895; x_wconf 93' lang='lat' dir='ltr'>quo</span> <span class='ocrx_word' id='word_1_222' title='bbox 707 2815 825 2877; x_wconf 87' lang='lat' dir='ltr'>Servius</span> <span class='ocrx_word' id='word_1_223' title='bbox 839 2826 947 2889; x_wconf 91' lang='lat' dir='ltr'>noster,</span> <span class='ocrx_word' id='word_1_224' title='bbox 963 2825 997 2874; x_wconf 92' lang='lat' dir='ltr'>ut</span> <span class='ocrx_word' id='word_1_225' title='bbox 1010 2812 1125 2892; x_wconf 91' lang='lat' dir='ltr'>opinor,</span> 
     </span>
     <span class='ocr_line' id='line_1_28' title="bbox 129 2910 1127 2994; baseline -0.005 -20"><span class='ocrx_word' id='word_1_226' title='bbox 129 2915 204 2975; x_wconf 90' lang='lat' dir='ltr'>nihil</span> <span class='ocrx_word' id='word_1_227' title='bbox 231 2927 316 2994; x_wconf 90' lang='lat' dir='ltr'>putat</span> <span class='ocrx_word' id='word_1_228' title='bbox 343 2936 409 2977; x_wconf 91' lang='lat' dir='ltr'>esse</span> <span class='ocrx_word' id='word_1_229' title='bbox 436 2917 602 2976; x_wconf 88' lang='lat' dir='ltr'>notandum</span> <span class='ocrx_word' id='word_1_230' title='bbox 631 2914 687 2974; x_wconf 93' lang='lat' dir='ltr'>nisi</span> <span class='ocrx_word' id='word_1_231' title='bbox 715 2926 791 2992; x_wconf 89' lang='lat' dir='ltr'>post,</span> <span class='ocrx_word' id='word_1_232' title='bbox 820 2924 850 2973; x_wconf 92' lang='lat' dir='ltr'>et</span> <span class='ocrx_word' id='word_1_233' title='bbox 877 2911 1025 2972; x_wconf 91' lang='lat' dir='ltr'>liminium</span> <span class='ocrx_word' id='word_1_234' title='bbox 1053 2910 1127 2970; x_wconf 93' lang='lat' dir='ltr'>illud</span> 
     </span>
     <span class='ocr_line' id='line_1_29' title="bbox 128 3008 1170 3091; baseline -0.008 -17"><span class='ocrx_word' id='word_1_235' title='bbox 128 3013 358 3091; x_wconf 91' lang='lat' dir='ltr'>productionem</span> <span class='ocrx_word' id='word_1_236' title='bbox 378 3033 443 3074; x_wconf 91' lang='lat' dir='ltr'>esse</span> <span class='ocrx_word' id='word_1_237' title='bbox 462 3013 544 3074; x_wconf 90' lang='lat' dir='ltr'>verbi</span> <span class='ocrx_word' id='word_1_238' title='bbox 558 3015 629 3085; x_wconf 88' lang='lat' dir='ltr'>vult,</span> <span class='ocrx_word' id='word_1_239' title='bbox 645 3023 678 3071; x_wconf 94' lang='lat' dir='ltr'>ut</span> <span class='ocrx_word' id='word_1_240' title='bbox 696 3011 727 3070; x_wconf 91' lang='lat' dir='ltr'>in</span> <span class='ocrx_word' id='word_1_241' title='bbox 749 3010 877 3071; x_wconf 89' lang='lat' dir='ltr'>finitimo</span> <span class='ocrx_word' id='word_1_242' title='bbox 895 3008 1029 3086; x_wconf 86' lang='lat' dir='ltr'>legitimo</span> <span class='ocrx_word' id='word_1_243' title='bbox 1049 3008 1128 3068; x_wconf 91' lang='lat' dir='ltr'>aedi-</span> <span class='ocrx_word' id='word_1_244' title='bbox 1168 3041 1170 3046; x_wconf 83' lang='lat'><em>.</em></span> 
     </span>
     <span class='ocr_line' id='line_1_30' title="bbox 128 3105 1127 3188; baseline -0.006 -17"><span class='ocrx_word' id='word_1_245' title='bbox 128 3111 204 3171; x_wconf 93' lang='lat' dir='ltr'>timo</span> <span class='ocrx_word' id='word_1_246' title='bbox 224 3132 286 3172; x_wconf 90' lang='lat' dir='ltr'>non</span> <span class='ocrx_word' id='word_1_247' title='bbox 308 3113 374 3188; x_wconf 95' lang='lat' dir='ltr'>plus</span> <span class='ocrx_word' id='word_1_248' title='bbox 396 3110 493 3170; x_wconf 90' lang='lat' dir='ltr'>inesse</span> <span class='ocrx_word' id='word_1_249' title='bbox 514 3109 620 3169; x_wconf 90' lang='lat' dir='ltr'>timum</span> <span class='ocrx_word' id='word_1_250' title='bbox 642 3128 732 3185; x_wconf 92' lang='lat' dir='ltr'>quam</span> <span class='ocrx_word' id='word_1_251' title='bbox 753 3107 785 3168; x_wconf 92' lang='lat' dir='ltr'>in</span> <span class='ocrx_word' id='word_1_252' title='bbox 806 3106 973 3167; x_wconf 89' lang='lat' dir='ltr'>meditullio</span> <span class='ocrx_word' id='word_1_253' title='bbox 992 3105 1127 3181; x_wconf 87' lang='lat' dir='ltr'>tullium;</span> 
     </span>
     <span class='ocr_line' id='line_1_31' title="bbox 83 3201 1172 3284; baseline -0.002 -20"><span class='ocrx_word' id='word_1_254' title='bbox 83 3229 116 3278; x_wconf 83' lang='lat'>30</span> <span class='ocrx_word' id='word_1_255' title='bbox 129 3210 274 3270; x_wconf 89' lang='lat' dir='ltr'>Scaevola</span> <span class='ocrx_word' id='word_1_256' title='bbox 286 3220 387 3268; x_wconf 91' lang='lat' dir='ltr'>autem</span> <span class='ocrx_word' id='word_1_257' title='bbox 408 3211 439 3268; x_wconf 93' lang='lat' dir='ltr'>P.</span> <span class='ocrx_word' id='word_1_258' title='bbox 457 3210 488 3268; x_wconf 87' lang='lat' dir='ltr'>F.</span> <span class='ocrx_word' id='word_1_259' title='bbox 505 3206 640 3268; x_wconf 90' lang='lat' dir='ltr'>iunctum</span> <span class='ocrx_word' id='word_1_260' title='bbox 660 3217 745 3284; x_wconf 89' lang='lat' dir='ltr'>putat</span> <span class='ocrx_word' id='word_1_261' title='bbox 764 3225 830 3266; x_wconf 90' lang='lat' dir='ltr'>esse</span> <span class='ocrx_word' id='word_1_262' title='bbox 843 3205 976 3277; x_wconf 91' lang='lat' dir='ltr'>verbum,</span> <span class='ocrx_word' id='word_1_263' title='bbox 992 3215 1025 3263; x_wconf 95' lang='lat' dir='ltr'>ut</span> <span class='ocrx_word' id='word_1_264' title='bbox 1044 3201 1082 3264; x_wconf 92' lang='lat' dir='ltr'>sit</span> <span class='ocrx_word' id='word_1_265' title='bbox 1096 3203 1127 3263; x_wconf 92' lang='lat' dir='ltr'>in</span> <span class='ocrx_word' id='word_1_266' title='bbox 1142 3219 1172 3271; x_wconf 82' lang='lat'>37</span> 
     </span>
     <span class='ocr_line' id='line_1_32' title="bbox 129 3301 1127 3384; baseline -0.008 -16"><span class='ocrx_word' id='word_1_267' title='bbox 129 3326 167 3368; x_wconf 93' lang='lat' dir='ltr'>eo</span> <span class='ocrx_word' id='word_1_268' title='bbox 188 3316 218 3367; x_wconf 91' lang='lat' dir='ltr'>et</span> <span class='ocrx_word' id='word_1_269' title='bbox 238 3316 307 3384; x_wconf 92' lang='lat' dir='ltr'>post</span> <span class='ocrx_word' id='word_1_270' title='bbox 331 3317 361 3366; x_wconf 94' lang='lat' dir='ltr'>et</span> <span class='ocrx_word' id='word_1_271' title='bbox 383 3305 474 3366; x_wconf 92' lang='lat' dir='ltr'>limen</span> <span class='ocrx_word' id='word_1_272' title='bbox 485 3327 494 3380; x_wconf 78' lang='lat'><em>3</em></span> <span class='ocrx_word' id='word_1_273' title='bbox 521 3317 562 3377; x_wconf 88' lang='lat' dir='ltr'>ut,</span> <span class='ocrx_word' id='word_1_274' title='bbox 584 3325 663 3382; x_wconf 90' lang='lat' dir='ltr'>quae</span> <span class='ocrx_word' id='word_1_275' title='bbox 687 3324 704 3363; x_wconf 89' lang='lat' dir='ltr'>a</span> <span class='ocrx_word' id='word_1_276' title='bbox 728 3303 816 3364; x_wconf 92' lang='lat' dir='ltr'>nobis</span> <span class='ocrx_word' id='word_1_277' title='bbox 837 3301 973 3375; x_wconf 87' lang='lat' dir='ltr'>alienata,</span> <span class='ocrx_word' id='word_1_278' title='bbox 996 3321 1065 3362; x_wconf 92' lang='lat' dir='ltr'>cum</span> <span class='ocrx_word' id='word_1_279' title='bbox 1087 3302 1127 3361; x_wconf 89' lang='lat' dir='ltr'>ad</span> 
     </span>
     <span class='ocr_line' id='line_1_33' title="bbox 129 3398 1126 3480; baseline -0.005 -16"><span class='ocrx_word' id='word_1_280' title='bbox 129 3406 248 3464; x_wconf 89' lang='lat' dir='ltr'>hostem</span> <span class='ocrx_word' id='word_1_281' title='bbox 266 3403 463 3480; x_wconf 88' lang='lat' dir='ltr'>pervenerint,</span> <span class='ocrx_word' id='word_1_282' title='bbox 481 3423 518 3464; x_wconf 88' lang='lat' dir='ltr'>ex</span> <span class='ocrx_word' id='word_1_283' title='bbox 538 3423 593 3463; x_wconf 94' lang='lat' dir='ltr'>suo</span> <span class='ocrx_word' id='word_1_284' title='bbox 614 3413 767 3478; x_wconf 90' lang='lat' dir='ltr'>tamquam</span> <span class='ocrx_word' id='word_1_285' title='bbox 785 3400 887 3460; x_wconf 92' lang='lat' dir='ltr'>limine</span> <span class='ocrx_word' id='word_1_286' title='bbox 908 3398 1039 3470; x_wconf 84' lang='lat' dir='ltr'>exierint,</span> <span class='ocrx_word' id='word_1_287' title='bbox 1056 3398 1126 3459; x_wconf 92' lang='lat' dir='ltr'>hinc</span> 
     </span>
    </p>
   </div>
   <div class='ocr_carea' id='block_1_3' title="bbox 127 3555 1127 3689">
    <p class='ocr_par' dir='ltr' id='par_1_6' title="bbox 127 3555 1127 3689">
     <span class='ocr_line' id='line_1_34' title="bbox 162 3555 1127 3618; baseline -0.003 -12"><span class='ocrx_word' id='word_1_288' title='bbox 162 3572 190 3606; x_wconf 86' lang='lat' dir='ltr'>rr</span> <span class='ocrx_word' id='word_1_289' title='bbox 208 3556 362 3607; x_wconf 86' lang='lat' dir='ltr'>videbantur</span> <span class='ocrx_word' id='word_1_290' title='bbox 372 3557 462 3606; x_wconf 81' lang='lat' dir='ltr'>Orelli:</span> <span class='ocrx_word' id='word_1_291' title='bbox 479 3557 617 3607; x_wconf 89' lang='lat' dir='ltr'>videantur</span> <span class='ocrx_word' id='word_1_292' title='bbox 631 3556 716 3608; x_wconf 66' lang='lat' dir='ltr'>codd:</span> <span class='ocrx_word' id='word_1_293' title='bbox 742 3556 861 3605; x_wconf 85' lang='lat' dir='ltr'>videntur</span> <span class='ocrx_word' id='word_1_294' title='bbox 872 3555 990 3604; x_wconf 74' lang='lat' dir='ltr'>Boethius</span> <span class='ocrx_word' id='word_1_295' title='bbox 1094 3571 1127 3618; x_wconf 76' lang='lat'>32</span> 
     </span>
     <span class='ocr_line' id='line_1_35' title="bbox 127 3621 699 3689; baseline -0.007 -16"><span class='ocrx_word' id='word_1_296' title='bbox 127 3625 189 3673; x_wconf 89' lang='lat' dir='ltr'>hinc</span> <span class='ocrx_word' id='word_1_297' title='bbox 207 3640 238 3673; x_wconf 87' lang='lat' dir='ltr'>ea</span> <span class='ocrx_word' id='word_1_298' title='bbox 252 3623 300 3685; x_wconf 89' lang='lat' dir='ltr'>Os:</span> <span class='ocrx_word' id='word_1_299' title='bbox 318 3630 344 3672; x_wconf 89' lang='lat' dir='ltr'>et</span> <span class='ocrx_word' id='word_1_300' title='bbox 364 3639 396 3672; x_wconf 91' lang='lat' dir='ltr'>ea</span> <span class='ocrx_word' id='word_1_301' title='bbox 413 3622 513 3671; x_wconf 83' lang='lat' dir='ltr'>abdeL:</span> <span class='ocrx_word' id='word_1_302' title='bbox 532 3621 551 3689; x_wconf 82' lang='grc' dir='ltr'>ΙΙΙ</span> <span class='ocrx_word' id='word_1_303' title='bbox 563 3622 638 3672; x_wconf 83' lang='lat' dir='ltr'>eaA</span> <span class='ocrx_word' id='word_1_304' title='bbox 697 3626 699 3630; x_wconf 82' lang='grc'>’</span> 
     </span>
    </p>
   </div>
   <div class='ocr_carea' id='block_1_4' title="bbox 0 0 1315 4178">
    <p class='ocr_par' dir='ltr' id='par_1_7' title="bbox 0 0 1315 4178">
     <span class='ocr_line' id='line_1_36' title="bbox 0 0 1315 4178; baseline 0 0"><span class='ocrx_word' id='word_1_305' title='bbox 0 0 1315 4178; x_wconf 95' lang='lat' dir='ltr'> </span> 
     </span>
    </p>
   </div>
  </div>
 </body>
</html>
