2588 4178
195 236 237 293 13
489 220 532 279 M.
562 220 690 280 TVLLI
719 217 953 282 CICERONIS

192 405 341 459 4movere
364 384 572 446 necessarium.
616 386 704 446 Haec
726 395 759 445 ut
782 383 858 444 alius
885 383 992 443 melius
1020 402 1110 460 quam
1136 381 1220 454 alius,

222 485 451 545 concedendum
476 494 522 542 est
532 504 541 558 ς
570 502 673 544 verum
695 481 726 543 id
755 484 789 543 fit
815 502 879 542 non
902 500 1010 560 genere
1035 482 1089 540 sed
1116 482 1221 558 gradu.

222 581 379 658 Optimum
401 580 524 658 quidem
544 600 638 640 unum
657 591 702 641 est
723 591 752 641 et
769 579 936 659 proximum
959 580 1042 657 quod
1064 577 1092 639 ei
1111 577 1224 638 similli-

222 699 312 739 mum.
355 681 400 738 Ex
415 698 476 756 quo
490 677 680 756 perspicuum
695 690 748 751 est,
761 679 844 756 quod
858 675 974 754 optimo
988 674 1222 737 dissimillimum

188 774 266 848 asit,
282 774 314 836 id
328 795 393 836 esse
412 773 613 836 deterrimum.
656 777 736 836 Nam
752 774 894 853 quoniam
914 773 1086 851 eloquentia
1103 784 1248 840 constat5

221 894 257 933 ex
278 872 375 934 verbis
403 886 432 934 et
461 893 496 933 ex
524 873 686 947 sententiis,
711 872 926 951 perficiendum
952 882 1004 943 est,
1029 882 1062 930 ut
1089 890 1163 949 pure
1192 883 1222 930 et

221 972 379 1031 emendate
400 973 565 1048 loquentes,
586 972 669 1049 quod
688 982 733 1032 est
754 969 869 1043 Latine,
890 969 1048 1031 verborum
1069 980 1222 1046 praeterea

220 1079 250 1128 et
262 1067 448 1146 propriorum
464 1079 493 1129 et
507 1071 714 1129 translatorum
734 1067 909 1146 elegantiam
929 1086 1160 1146 persequamur:
1190 1065 1222 1126 in

219 1165 345 1242 propriis
359 1177 392 1225 ut
402 1165 565 1228 lautissima
581 1165 732 1242 eligamuS,
742 1165 773 1225 in
785 1165 931 1226 translatis
946 1176 979 1225 ut
993 1163 1221 1225 similitudinem

191 1284 206 1336 5
221 1262 315 1322 secuti
329 1265 496 1324 verecunde
513 1275 631 1323 utamur
644 1263 756 1324 alienis.
800 1262 1020 1324 Sententiarum
1039 1275 1140 1323 autem
1155 1261 1261 1324 toti-10

221 1363 291 1422 dem
321 1381 429 1438 genera
461 1373 530 1421 sunt
560 1376 635 1439 quot
662 1361 722 1423 dixi
751 1382 815 1423 esse
843 1363 975 1422 laudum.
1032 1362 1108 1420 Sunt
1139 1359 1219 1420 enim

221 1458 352 1518 docendi
382 1447 496 1530 acutae,
531 1459 700 1520 delectandi
732 1458 818 1537 quasi
849 1470 978 1536 argutae,
1008 1455 1220 1518 commovendi

220 1577 342 1633 gravesv
374 1558 433 1617 Sed
455 1568 484 1616 et
505 1557 663 1618 verborum
684 1570 729 1618 est
749 1568 894 1617 structura
911 1557 1059 1635 quaedam
1079 1557 1155 1616 duas
1173 1575 1218 1616 res

220 1653 358 1726 efficiens
381 1673 538 1714 numerum
560 1664 589 1713 et
610 1653 769 1728 levitatem,
792 1666 822 1715 et
842 1654 1007 1715 sententiae
1029 1673 1113 1713 suam
1138 1673 1223 1718 com,

219 1751 399 1828 positionem
420 1743 539 1824 habent,
560 1759 589 1810 et
604 1754 643 1831 aq
664 1754 851 1831 probandam
871 1772 934 1813 rem
954 1753 1218 1812 accommodatum
1233 1767 1258 1816 ¹5

219 1848 364 1909 ordinem.
421 1850 481 1909 Sed
508 1870 609 1909 earum
638 1850 773 1910 omnium
801 1871 898 1910 rerum
927 1847 973 1930 [ut
1000 1847 1217 1930 aedificiorum]

191 1945 364 2006 bmemoria
384 1956 429 2005 est
442 1946 532 2024 ,quasi
551 1949 788 2020 fundamentum,
812 1949 914 2007 lumen
931 1947 1020 2007 actio.
1062 1949 1108 2006 Ea
1131 1946 1219 2024 igitur

221 2042 321 2102 omnia
332 2042 363 2102 in
374 2063 435 2120 quo
446 2063 563 2103 summa
571 2053 664 2117 eruut,
677 2044 732 2105 erit
742 2042 972 2122 perfectissimus
984 2056 1082 2103 orator
1092 2065 1100 2117 3
1114 2043 1146 2102 in
1158 2063 1219 2118 quo

221 2139 327 2213 media,
344 2139 502 2200 mediocris
512 2162 520 2214 3
541 2140 572 2200 in
587 2162 648 2219 quo
663 2141 793 2215 minima,
810 2141 996 2203 deterrimus.
1037 2144 1075 2201 Et
1090 2143 1219 2219 appella-

219 2238 331 2298 buntur
345 2258 449 2299 omnes
471 2250 609 2312 oratores
625 2250 658 2299 ut
678 2239 805 2318 pictores
826 2241 1013 2318 appellantur
1030 2237 1119 2298 etiam
1138 2238 1216 2310 mali,
1234 2259 1262 2294 ιο

220 2355 276 2394 nec
289 2335 446 2412 generibus
460 2335 537 2396 inter
556 2357 628 2409 sese,
645 2338 699 2398 sed
713 2336 902 2397 facultatibus
921 2335 1066 2397 different.
1111 2338 1219 2414 Itaque

219 2451 309 2491 nemo
329 2443 373 2492 est
392 2444 491 2492 orator
512 2433 564 2510 qui
584 2433 782 2495 Demostheni
798 2454 827 2494 se
845 2432 972 2493 similem
992 2431 1066 2492 nolit
1081 2452 1147 2494 esse
1157 2455 1166 2507 3
1189 2446 1220 2494 at

221 2531 389 2590 Menander
404 2530 531 2590 Homeri
552 2530 665 2604 noluit;
686 2551 779 2608 genus
794 2530 874 2591 enim
894 2540 955 2590 erat
969 2529 1061 2590 aliud.
1104 2532 1142 2590 Id
1157 2551 1218 2592 non

219 2638 263 2686 est
278 2626 308 2686 in
323 2627 488 2688 oratoribus
498 2639 560 2702 aut,
569 2627 658 2688 etiam
673 2628 698 2688 si
712 2639 800 2688 estut
813 2627 887 2688 alius
901 2627 1074 2705 gravitatem
1089 2648 1219 2705 sequens

220 2724 413 2795 subtilitatem
427 2723 526 2800 fugiat,
544 2737 647 2784 contra
663 2725 738 2786 alius
757 2724 920 2786 acutiorem
939 2745 971 2785 se
986 2744 1076 2802 quam
1091 2726 1219 2786 ornatio
1233 2751 1260 2800 ²⁵

219 2841 282 2882 rem
303 2821 381 2892 velit,
404 2820 544 2881 etiamsi
565 2832 609 2882 est
628 2821 660 2880 in
680 2843 787 2900 genere
806 2820 960 2894 tolerabili,
984 2833 1063 2882 certe
1087 2842 1149 2882 non
1173 2835 1219 2884 est

221 2918 250 2977 in
274 2911 397 2996 optimo,
422 2918 447 2978 si
468 2918 599 2996 quidem,
623 2921 707 2996 quod
734 2919 832 2980 omnis
860 2921 963 2980 laudes
988 2919 1087 2992 habet,
1113 2919 1146 2981 id
1173 2933 1220 2981 est

219 3015 377 3093 optimum.

188 3107 205 3162 3
261 3115 348 3172 Haec
368 3124 468 3172 autem
484 3112 545 3172 dixi
562 3113 679 3173 brevius
700 3112 823 3191 quidem
842 3133 932 3191 quam
950 3133 996 3173 res
1017 3114 1149 3191 petebat,
1164 3117 1218 3175 sed

192 3197 258 3269 ⁷ad
285 3209 316 3270 id
341 3212 424 3286 quod
446 3209 560 3288 agimus
585 3230 647 3270 non
671 3210 726 3271 suit
753 3210 916 3271 dicendum
940 3209 1095 3289 pluribus3
1122 3231 1218 3295 unum
1233 3234 1263 3285 30

220 3306 299 3370 enim
324 3327 394 3366 cum
415 3306 452 3366 sit
468 3326 570 3382 genus,
591 3306 622 3368 id
643 3310 731 3385 quale
755 3307 793 3368 sit
813 3307 991 3385 quaerimus.
1039 3310 1093 3368 Est
1116 3319 1218 3369 autern

254 3464 283 3510 14
300 3448 430 3497 lenitatem
443 3449 535 3497 maluit
544 3449 645 3509 Bentley
657 3448 705 3512 (ad
714 3448 780 3498 Hor.
793 3449 851 3497 Art.
865 3449 932 3499 Poet.
945 3450 989 3511 ab)
1077 3462 1106 3510 15
1124 3456 1150 3498 et
1162 3449 1222 3499 add.

218 3512 359 3561 Lambinus
428 3516 457 3562 16
474 3521 502 3562 ut
514 3514 687 3563 aedificiorum
695 3514 746 3564 secl.
756 3514 899 3562 Lambinus
967 3517 996 3562 18
1014 3514 1103 3574 inquo
1121 3529 1222 3564 summa

219 3585 294 3626 erunt
315 3579 472 3628 Lambinus:
497 3579 524 3626 in
544 3595 651 3641 quorum
668 3578 716 3628 GP
843 3580 1045 3642 perfectissimus
1059 3578 1220 3629 Lambinus:

219 3645 387 3705 peritissimus
405 3643 472 3694 codd.
594 3660 625 3706 19
642 3645 674 3693 Et
685 3642 753 3694 codd.
768 3661 773 3693 :
792 3645 844 3695 Sed
856 3645 948 3693 maluit
954 3645 1026 3705 Jahn
1141 3661 1173 3694 aa
1191 3660 1220 3694 se

218 3709 276 3758 add.
289 3709 374 3758 Aldus
439 3713 472 3758 ab
488 3710 621 3759 tolerabile
631 3710 658 3758 P
