2588 4178
354 210 642 272 PARTITIONES
671 209 925 271 ORATORIAE
1102 219 1142 278 23
1154 214 1184 262 82

138 399 265 457 quorum
286 379 347 439 vita
364 381 532 441 laudabitur
553 381 671 441 silentio
688 379 838 459 praeteriri
856 377 987 450 debebit,
1004 377 1028 437 si
1050 379 1141 436 modo

138 478 211 556 quid
226 478 280 538 erit
294 477 427 538 animum
442 481 657 540 advertendum
669 490 720 538 aut
731 478 760 538 in
773 477 839 562 ipso
852 497 960 555 genere
975 475 1077 535 mortis
1091 485 1142 534 aut

137 575 169 633 in
183 575 226 634 eis
241 576 328 635 rebus
343 596 420 653 quae
435 587 503 653 post
517 587 641 636 mortem
657 586 743 636 erunt
757 585 942 635 consecutae.

179 674 214 735 C.
240 673 353 751 Accepi
376 674 432 734 ista
453 673 605 751 didicique
631 673 756 734 breviter
777 693 838 733 non
867 673 963 731 solum
988 689 1079 746 quem
1103 670 1142 728 ad
1155 710 1186 770 83

110 772 263 847 gmodum
291 774 444 833 laudarem
471 775 608 846 alterum,
631 773 685 832 sed
712 771 801 832 etiam
830 790 920 848 quem
948 770 987 829 ad
1018 769 1143 828 modum

138 868 271 941 eniterer,
297 881 331 929 ut
358 889 477 947 possem
507 869 569 929 iure
596 869 660 946 ipse
688 868 809 929 laudari.
865 868 1030 928 Videamus
1057 867 1145 944 igitur

138 965 281 1043 deinceps
296 965 326 1024 in
341 967 488 1028 sententia
502 967 631 1027 dicenda
651 986 741 1044 quam
761 966 839 1024 viam
853 977 883 1025 et
897 985 974 1043 quae
987 975 1144 1043 praecepta

138 1076 302 1124 teneamus.
346 1066 378 1123 P.
404 1067 458 1124 Est
482 1065 570 1142 igitur
597 1065 629 1124 in
651 1064 847 1125 deliberando
871 1063 938 1123 finis
963 1062 1081 1134 utilitas,
1105 1061 1144 1121 ad

139 1180 229 1238 quem
251 1160 292 1219 ita
313 1163 477 1222 reseruntur
498 1162 600 1223 omnia
620 1162 650 1222 in
670 1161 796 1222 consilio
815 1163 917 1221 dando
938 1158 1144 1235 sententiaque

98 1257 276 1332 rodicenda,
293 1269 325 1317 ut
345 1258 396 1318 illa
416 1259 511 1336 prima
535 1261 594 1320 sint
615 1259 728 1321 suasori
749 1271 800 1319 aut
825 1257 985 1319 dissuasori
1005 1256 1143 1327 videnda,

139 1355 214 1431 quid
232 1366 284 1415 aut
302 1356 396 1433 possit
417 1357 479 1418 fieri
500 1370 552 1417 aut
572 1378 634 1418 non
653 1357 747 1435 possit
768 1369 797 1417 et
817 1357 889 1433 quid
903 1366 955 1415 aut
972 1374 1095 1415 necesse
1109 1352 1145 1411 sit

139 1463 192 1513 aut
213 1472 276 1512 non
299 1472 429 1514 necesse.
473 1458 553 1515 Nam
577 1467 615 1527 et,
640 1454 664 1514 si
687 1454 760 1531 quid
783 1453 859 1514 effici
881 1473 943 1513 non
966 1463 1072 1530 potest,
1096 1453 1146 1512 de-

140 1549 277 1610 liberatio
291 1549 409 1625 tollitur,
426 1552 561 1629 quamvis
576 1552 613 1612 sit
628 1552 718 1627 utile3
739 1563 778 1626 et,
792 1551 817 1612 si
832 1551 905 1629 quid
923 1570 1044 1611 necesse
1061 1562 1145 1610 est—

140 1667 264 1708 necesse
290 1659 391 1708 autem
420 1648 451 1709 id
479 1662 531 1723 est,
561 1651 625 1711 sine
653 1670 714 1728 quo
742 1650 814 1710 salvi
841 1649 962 1710 liberive
989 1668 1054 1708 esse
1084 1666 1145 1706 non

97 1771 108 1807 1
113 1773 127 1822 ⁵
141 1743 351 1822 possumus—‚'
365 1745 397 1805 id
418 1757 463 1806 est
483 1747 603 1825 reliquis
624 1761 654 1809 et
673 1748 878 1809 honestatibus
895 1746 926 1805 in
941 1744 1019 1806 civili
1032 1743 1146 1804 ratione

140 1854 171 1902 et
192 1842 360 1903 commodis
380 1835 634 1920 anteponendum.
678 1847 756 1907 Cum
778 1856 878 1905 autem
904 1842 1053 1922 quaeritur
1073 1839 1146 1918 quid
1160 1845 1192 1907 84

117 2013 120 2018 .
142 1940 206 2000 fieri
226 1940 328 2018 possit,
343 1940 506 2002 videndum
528 1943 618 2003 etiam
639 1955 683 2004 est
704 1963 794 2020 quam
813 1943 901 2003 facile
922 1940 1023 2018 possit.
1067 1940 1146 1998 Nam

143 2057 220 2115 quae
244 2037 428 2116 perdifficilia
453 2051 530 2113 sunt,
552 2041 676 2119 perinde
698 2041 838 2100 habenda
860 2059 948 2116 saepe
973 2048 1042 2097 sunt
1065 2056 1101 2096 ac
1123 2034 1147 2094 si

144 2135 222 2197 effici
250 2155 311 2196 non
339 2135 462 2213 possint.
514 2139 554 2197 Et
582 2158 651 2198 cum
679 2139 718 2198 de
747 2136 922 2197 necessitate
948 2135 1148 2206 attendemus.

101 2255 134 2292 ιο
145 2232 235 2293 etiam
250 2231 275 2291 si
288 2253 351 2292 non
364 2234 564 2295 necessarium
578 2233 692 2312 aliquid
704 2234 858 2306 videbitur,
869 2233 1033 2294 videndum
1048 2243 1148 2290 tamen

146 2330 200 2391 erit
221 2330 367 2408 quamsit
387 2331 418 2392 id
438 2352 587 2410 magnum.
640 2334 732 2408 Quod
753 2332 833 2393 enim
855 2329 1007 2409 permagni
1028 2328 1149 2388 interest

144 2448 199 2506 pro
221 2427 387 2489 necessario
408 2449 497 2507 saepe
518 2430 651 2490 habetur.
695 2432 802 2507 Itaque
822 2449 891 2489 cum
915 2437 1032 2487 constet
1055 2444 1149 2502 genus
1163 2424 1195 2486 85
1288 2431 1289 2434 ’

146 2528 205 2586 hoc
219 2545 374 2586 causamm
389 2545 425 2586 ex
439 2526 577 2588 suasione
591 2538 621 2588 et
635 2527 828 2600 dissuasione,
844 2523 956 2586 suasori
975 2522 1151 2602 proponitur

147 2622 273 2700 simplex
286 2622 378 2684 ratio:
399 2623 424 2684 si
439 2635 469 2684 et
488 2624 560 2685 utile
581 2636 626 2685 est
646 2635 677 2685 et
693 2623 756 2686 fieri
776 2635 884 2702 potest,
899 2625 970 2696 fiat;
991 2619 1151 2681 dissuasori

101 2739 134 2792 ²⁵
148 2721 259 2797 duplex
267 2709 278 2778 ἐ
298 2740 369 2795 una,
383 2721 407 2781 si
432 2742 494 2782 non
515 2721 586 2782 utile
608 2733 661 2795 est,
684 2743 723 2782 ne
744 2723 795 2782 frat
806 2743 816 2796 3
844 2723 943 2792 altera,
959 2718 984 2778 si
1005 2717 1068 2778 fieri
1089 2737 1149 2777 non

148 2826 254 2894 potest,
278 2836 317 2877 ne
344 2817 527 2896 suscipiatur.
571 2818 620 2879 Sic
653 2819 765 2880 suasori
793 2831 952 2896 utrumque
979 2817 1151 2876 docendum

147 2925 201 2987 est,
217 2913 378 2975 dissuasori
397 2918 523 2976 alterum
544 2915 693 2976 infirmare
712 2928 757 2976 sat
776 2927 828 2977 est.
872 2918 942 2991 Qua
960 2934 991 2974 re
1008 2911 1152 2990 quoniam
1164 2909 1197 2963 8⁶

148 3010 179 3070 in
204 3010 250 3070 his
272 3022 404 3073 versatur
426 3033 517 3074 omne
539 3013 697 3074 consilium
723 3014 850 3086 duobus,
873 3014 912 3073 de
936 3010 1062 3071 utilitate
1082 3020 1151 3069 ante

148 3107 293 3184 dicamus,
316 3129 393 3187 quae
423 3109 455 3170 in
483 3109 688 3172 discernendis
720 3110 807 3172 bonis
839 3108 984 3185 malisque
1011 3094 1149 3167 uersatur.

105 3208 304 3274 soBonomm
328 3217 429 3268 autem
452 3207 560 3285 partim
585 3207 752 3268 necessaria
776 3218 845 3269 sunt
868 3218 901 3266 ut
924 3205 984 3265 vita
1008 3202 1151 3281 pudicitia

149 3302 278 3376 libertas,
301 3315 335 3364 ut
358 3304 443 3365 liberi
465 3305 608 3382 coniuges
632 3305 765 3383 germani
787 3315 934 3383 parentes,
958 3301 1064 3380 partim
1090 3320 1151 3360 non

149 3397 329 3482 necessaria[
341 3423 349 3476 ;
378 3421 505 3479 quorum
534 3402 592 3462 alia
619 3413 689 3462 sunt
716 3423 769 3481 per
796 3422 828 3462 se
856 3401 1030 3479 expetenda,
1057 3409 1090 3458 ut
1117 3417 1150 3456 ea

186 3567 216 3614 13
233 3553 295 3603 utile
311 3555 346 3603 sit
361 3553 428 3604 codd.
451 3553 523 3605 deta:
542 3554 604 3605 utile
613 3561 654 3602 est
665 3554 691 3602 P
780 3568 809 3616 15
826 3555 852 3603 in
869 3554 938 3602 civili
954 3553 1053 3601 ratione
1063 3566 1115 3600 om.
1129 3549 1155 3598 P

151 3633 184 3667 aa
201 3620 287 3680 itaque
297 3619 365 3680 vulg.
379 3618 386 3668 ἑ
402 3620 475 3668 itaP
577 3635 609 3680 24
622 3621 694 3684 pnirs
706 3627 733 3669 et
743 3636 793 3668 om.
806 3619 833 3666 P
934 3633 966 3680 32
982 3631 1106 3680 quorum.
1122 3651 1148 3664 ..

151 3685 242 3746 copiae
252 3686 305 3737 secl.
317 3683 413 3734 staats
