2588 4178
519 206 698 268 ORATOR
1093 218 1112 262 a
1126 221 1140 276 7

108 370 184 432 alios
198 372 328 445 densius,
338 373 420 451 apud
433 370 508 432 alios
521 373 646 432 fortasse
660 371 759 432 rarius.
803 373 863 432 Sed
877 390 934 449 ego
947 370 990 432 sic
1004 382 1113 445 statuo,
1127 385 1141 434 8

109 467 184 527 nihil
199 488 264 530 esse
274 466 306 529 in
317 471 378 530 ullo
392 489 499 547 genere
510 481 571 530 tarn
586 471 752 546 pulchrum,
763 489 824 547 quo
838 490 901 530 non
915 468 1066 547 pulchrius
1080 468 1113 529 id

109 565 148 625 sit
158 568 240 628 unde
249 566 325 627 illud
335 577 368 626 ut
379 588 416 628 ex
426 587 477 627 ore
490 567 592 644 aliquo
602 566 687 644 quasi
701 566 800 644 imago
814 565 1010 644 exprimatur;
1029 567 1112 644 quod

109 683 209 740 neque
223 663 318 724 oculis
331 684 431 741 neque
444 662 566 725 auribus
580 684 678 741 neque
697 665 760 723 ullo
773 683 862 724 sensu
877 663 989 742 percipi
1003 674 1111 740 potest,

82 796 95 844 5
109 760 290 838 cogitatione
299 772 414 822 tantum
426 772 456 822 et
465 773 566 821 mente
574 761 808 839 complectimur.
832 763 939 838 Itaque
949 771 979 820 et
988 760 1113 821 Phidiae

109 857 398 936 simulacrisquibus
406 857 583 919 nihilinillo
592 879 700 936 genere
708 858 866 937 perfectius
874 857 1019 931 videmus,
1030 869 1060 918 et
1071 857 1113 918 eis

109 954 232 1034 picturis
246 976 320 1034 quas
333 955 487 1017 nominavi
500 955 629 1034 cogitare
643 967 744 1017 tamen
758 976 917 1034 possumus
931 955 1114 1033 pulchriora;

109 1072 167 1113 nec
180 1073 251 1114 vero
265 1053 314 1115 ille
328 1053 431 1113 artifex
444 1073 514 1114 cum
529 1055 637 1114 faceret
652 1053 733 1114 Iovis
746 1054 872 1114 sormam
887 1064 939 1113 aut
949 1052 1111 1125 Minervae,
1127 1080 1142 1129 9

110 1152 370 1230 contemplabatur
389 1150 519 1229 aliquem
543 1170 560 1211 e
584 1170 646 1228 quo
666 1150 894 1211 similitudinem
913 1152 1043 1222 duceret,
1059 1150 1113 1210 sed

65 1275 96 1312 10
110 1247 204 1327 ipsius
218 1248 250 1308 in
261 1259 362 1309 mente
375 1247 525 1309 insidebat
539 1248 652 1326 species
666 1247 895 1327 pulchritudinis
909 1246 1016 1308 eximia
1027 1265 1115 1325 quae·

112 1347 193 1419 dam,
209 1366 300 1422 quam
314 1344 434 1406 intuens
447 1345 479 1405 in'
493 1364 589 1424 eaque
603 1346 718 1406 defixus
731 1347 771 1406 ad
791 1344 869 1405 illius
888 1344 1114 1405 similitudinem

110 1455 205 1504 artem
228 1454 258 1504 et
278 1463 400 1503 manum
422 1443 575 1521 dirigebat
619 1445 661 1503 Vt
680 1442 768 1520 igitur
788 1442 819 1502 in
840 1442 942 1503 formis
963 1453 994 1502 et
1014 1441 1147 1519 figuris3

112 1552 159 1601 est
186 1540 299 1618 aliquid
329 1543 495 1618 perfectum
525 1552 555 1600 et
587 1542 743 1614 excellens,
772 1539 857 1601 cuius
886 1541 927 1600 ad
954 1538 1113 1617 cogitatam

112 1638 244 1716 speciem
262 1637 409 1699 imitando
433 1640 598 1699 referuntur
618 1658 713 1716 eaque
735 1638 792 1698 sub
812 1639 916 1697 oculos
939 1636 1004 1715 ipsa
1026 1632 1114 1717 [non]

66 1759 95 1809 15
111 1735 202 1807 cadit,
226 1734 269 1796 sic
296 1737 444 1814 perfectae
470 1734 660 1813 eloquentiae
687 1735 818 1814 speciem
842 1735 944 1794 animo
967 1733 1113 1806 videmus,

111 1832 240 1909 effigiem
264 1832 385 1893 auribus
407 1832 585 1910 quaerimus.
630 1835 696 1893 Has
724 1853 820 1893 rerum
848 1833 958 1892 formas
985 1833 1115 1910 appellat
1130 1847 1161 1884 10

111 1930 185 1993 ἰδέας
199 1929 248 1991 ille
262 1950 325 1991 non
342 1929 533 2007 intellegendi
550 1932 648 1990 solum
667 1931 721 1990 sed
739 1928 829 1990 etiarn
846 1929 968 1990 dicendi
984 1927 1116 2006 gravissi-

112 2047 180 2087 mus
204 2039 308 2088 auctor
332 2038 362 2088 et
389 2028 528 2104 magister
550 2029 647 2102 Plato,
668 2047 778 2105 easque
805 2026 886 2105 gigni
910 2038 998 2103 negat
1023 2037 1052 2087 et
1074 2026 1116 2086 ait

112 2145 231 2204 semper
257 2145 323 2186 esse
346 2145 383 2185 ac
409 2125 524 2186 ratione
546 2136 576 2185 et
599 2124 800 2202 intellegentia
823 2123 969 2184 contineri
981 2146 989 2198 3
1018 2135 1116 2184 cetera

65 2257 99 2293 ,ο
112 2221 196 2282 nasci
220 2221 358 2284 occidere
380 2225 471 2283 fluere
492 2222 553 2282 labi
576 2242 633 2283 nec
655 2221 766 2282 diutius
787 2240 853 2282 esse
873 2242 935 2282 uno
956 2233 986 2282 et
1006 2224 1115 2282 eodem

113 2331 199 2380 statu.
252 2320 406 2398 Quicquid
438 2331 483 2380 est
516 2319 603 2397 igitur
630 2321 669 2380 de
696 2338 758 2396 quo
785 2317 899 2379 ratione
927 2330 956 2379 et
984 2319 1032 2378 via
1058 2318 1116 2380 dis-

113 2426 242 2493 putetur,
258 2417 289 2477 id
307 2429 352 2478 est
370 2419 410 2478 ad
426 2416 561 2477 ultimam
581 2416 628 2477 sui
645 2415 762 2493 generis
777 2417 903 2477 formam
925 2416 1116 2494 speciemque

112 2512 317 2591 redigendum.

154 2613 201 2671 Ac
218 2610 307 2672 video
326 2613 405 2672 hanc
421 2611 547 2690 primam
567 2611 780 2690 ingressionem
802 2631 901 2674 meam
919 2631 983 2672 non
1001 2631 1038 2672 ex
1055 2631 1117 2671 ora-
1133 2628 1158 2664 11

65 2742 97 2792 ²5
115 2708 198 2769 toriis
229 2707 482 2787 disputationibus
515 2711 636 2770 ductam
667 2711 721 2770 sed
749 2729 766 2769 e
796 2709 897 2770 media
926 2707 1117 2786 philosophia

113 2805 279 2884 repetitam,
298 2817 328 2865 et
346 2825 413 2866 eam
427 2806 551 2883 quidem
565 2827 635 2867 cum
649 2806 803 2884 antiquam
820 2818 885 2866 tum
900 2805 1116 2866 subobscuram

113 2914 165 2963 aut
178 2901 417 2981 reprehensionis
430 2902 544 2982 aliquid
557 2914 610 2963 aut
626 2915 706 2965 cette
719 2903 923 2964 admirationis
937 2902 1114 2963 habituram.

115 3002 195 3060 Nam
209 3011 261 3059 aut
275 2998 460 3060 mirabuntur
474 2999 548 3078 quid
562 3002 637 3061 haec
650 3001 818 3079 pertineant
834 3004 874 3062 ad
888 3021 924 3061 ea
937 3020 1015 3076 quae
1029 3019 1117 3077 quae·

113 3095 357 3174 rimus—quibus
381 3096 451 3156 satis
475 3096 563 3157 saciet
591 3095 637 3157 rds
661 3084 736 3176 ipsa'
749 3098 875 3176 cognita,
902 3108 935 3160 ut
963 3116 1024 3156 non
1052 3095 1116 3156 sine

64 3224 99 3272 30
113 3213 203 3254 causa
223 3195 282 3253 alte
299 3191 423 3269 repetita
439 3192 666 3254 videatur-aut
682 3188 908 3272 reprehendent,
925 3195 1008 3271 quod
1028 3191 1118 3251 inusi-

144 3347 246 3409 3quod
268 3362 354 3408 neque
372 3345 413 3395 L:
437 3346 506 3407 quod
525 3353 612 3396 tamen
637 3363 721 3409 neque
741 3345 885 3396 Friedrich:
909 3346 1116 3408 quodquoniam

111 3428 196 3476 neque
207 3412 347 3474 Heerdegen
416 3427 445 3472 14
463 3427 545 3473 eaque
556 3412 711 3476 Heerdegen:
728 3428 836 3473 eaquae
850 3412 929 3461 OPM
936 3429 942 3461 ι
959 3427 1004 3460 eas
1016 3427 1083 3472 quae
1095 3411 1121 3458 F

112 3493 164 3528 non
176 3477 228 3526 secl.
243 3475 362 3524 Victon'us
525 3492 554 3538 15
572 3479 641 3532 cadit
652 3477 811 3540 Heerdegen:
833 3479 928 3526 cadunt
939 3475 961 3524 L
1085 3493 1116 3535 24

110 3543 230 3592 oratoriis
240 3541 393 3591 codddett:
410 3540 693 3591 oratorisLetNom'us
757 3545 789 3590 26
805 3558 896 3593 eam..
911 3543 1116 3603 .antiquam...

111 3608 295 3657 subobscuram
308 3607 348 3656 L':
365 3622 396 3656 ea
408 3642 414 3656 .
426 3642 433 3658 .
446 3643 452 3656 .
464 3609 570 3669 antiqua
582 3644 589 3657 .
601 3643 608 3657 .
621 3643 627 3657 .
638 3608 793 3656 subobscura
805 3607 874 3656 Bake

141 3697 312 3735 creonnrort
1034 3683 1050 3732 8
