<?xml version="1.0" encoding="UTF-8"?>
<!DOCTYPE html PUBLIC "-//W3C//DTD XHTML 1.0 Transitional//EN"
    "http://www.w3.org/TR/xhtml1/DTD/xhtml1-transitional.dtd">
<html xmlns="http://www.w3.org/1999/xhtml" xml:lang="en" lang="en">
 <head>
  <title>
</title>
<meta http-equiv="Content-Type" content="text/html;charset=utf-8" />
  <meta name='ocr-system' content='tesseract 3.04.00' />
  <meta name='ocr-capabilities' content='ocr_page ocr_carea ocr_par ocr_line ocrx_word'/>
</head>
<body>
  <div class='ocr_page' id='page_1' title='image "./mtvlliciceronis00wilkgoog_0133.png"; bbox 0 0 2588 4178; ppageno 0'>
   <div class='ocr_carea' id='block_1_1' title="bbox 552 196 1184 268">
    <p class='ocr_par' dir='ltr' id='par_1_1' title="bbox 552 196 1184 268">
     <span class='ocr_line' id='line_1_1' title="bbox 552 196 1184 268; baseline -0.011 -10"><span class='ocrx_word' id='word_1_1' title='bbox 552 196 731 258; x_wconf 86' lang='lat' dir='ltr'>ORATOR</span> <span class='ocrx_word' id='word_1_2' title='bbox 1103 205 1139 252; x_wconf 84' lang='lat'><strong>10</strong></span> <span class='ocrx_word' id='word_1_3' title='bbox 1151 214 1184 268; x_wconf 77' lang='lat'><strong>35</strong></span> 
     </span>
    </p>
   </div>
   <div class='ocr_carea' id='block_1_2' title="bbox 93 367 1184 2693">
    <p class='ocr_par' dir='ltr' id='par_1_2' title="bbox 93 367 1184 2693">
     <span class='ocr_line' id='line_1_2' title="bbox 141 367 1137 434; baseline -0.004 -4"><span class='ocrx_word' id='word_1_4' title='bbox 141 381 203 430; x_wconf 90' lang='lat' dir='ltr'><strong>tum</strong></span> <span class='ocrx_word' id='word_1_5' title='bbox 222 384 252 434; x_wconf 92' lang='lat' dir='ltr'><strong>et</strong></span> <span class='ocrx_word' id='word_1_6' title='bbox 271 385 458 434; x_wconf 83' lang='lat' dir='ltr'><strong>recusantem</strong></span> <span class='ocrx_word' id='word_1_7' title='bbox 479 374 554 433; x_wconf 89' lang='lat' dir='ltr'><strong>haec</strong></span> <span class='ocrx_word' id='word_1_8' title='bbox 571 371 698 433; x_wconf 90' lang='lat' dir='ltr'><strong>scribere</strong></span> <span class='ocrx_word' id='word_1_9' title='bbox 715 390 780 431; x_wconf 90' lang='lat' dir='ltr'><strong>esse</strong></span> <span class='ocrx_word' id='word_1_10' title='bbox 800 390 914 430; x_wconf 90' lang='lat' dir='ltr'><strong>ausum.</strong></span> <span class='ocrx_word' id='word_1_11' title='bbox 958 370 1037 428; x_wconf 92' lang='lat' dir='ltr'><strong>Volo</strong></span> <span class='ocrx_word' id='word_1_12' title='bbox 1056 367 1137 428; x_wconf 90' lang='lat' dir='ltr'><strong>enim</strong></span> 
     </span>
     <span class='ocr_line' id='line_1_3' title="bbox 140 465 1137 540; baseline -0.003 -14"><span class='ocrx_word' id='word_1_13' title='bbox 140 468 213 528; x_wconf 90' lang='lat' dir='ltr'><strong>mihi</strong></span> <span class='ocrx_word' id='word_1_14' title='bbox 230 480 330 531; x_wconf 90' lang='lat' dir='ltr'><strong>tecum</strong></span> <span class='ocrx_word' id='word_1_15' title='bbox 351 490 513 531; x_wconf 88' lang='lat' dir='ltr'><strong>commune</strong></span> <span class='ocrx_word' id='word_1_16' title='bbox 534 489 598 530; x_wconf 88' lang='lat' dir='ltr'><strong>esse</strong></span> <span class='ocrx_word' id='word_1_17' title='bbox 617 468 738 540; x_wconf 86' lang='lat' dir='ltr'><strong>crimen,</strong></span> <span class='ocrx_word' id='word_1_18' title='bbox 759 478 799 540; x_wconf 91' lang='lat' dir='ltr'><strong>ut,</strong></span> <span class='ocrx_word' id='word_1_19' title='bbox 819 467 843 527; x_wconf 93' lang='lat' dir='ltr'><strong>si</strong></span> <span class='ocrx_word' id='word_1_20' title='bbox 863 465 1007 526; x_wconf 91' lang='lat' dir='ltr'><strong>sustinere</strong></span> <span class='ocrx_word' id='word_1_21' title='bbox 1023 476 1137 525; x_wconf 85' lang='lat' dir='ltr'><strong>tantam</strong></span> 
     </span>
     <span class='ocr_line' id='line_1_4' title="bbox 138 563 1138 645; baseline -0.004 -19"><span class='ocrx_word' id='word_1_22' title='bbox 138 567 345 643; x_wconf 90' lang='lat' dir='ltr'><strong>quaestionem</strong></span> <span class='ocrx_word' id='word_1_23' title='bbox 363 588 424 628; x_wconf 93' lang='lat' dir='ltr'><strong>non</strong></span> <span class='ocrx_word' id='word_1_24' title='bbox 443 579 578 645; x_wconf 89' lang='lat' dir='ltr'><strong>potuero,</strong></span> <span class='ocrx_word' id='word_1_25' title='bbox 593 565 694 626; x_wconf 92' lang='lat' dir='ltr'><strong>iniusti</strong></span> <span class='ocrx_word' id='word_1_26' title='bbox 714 565 812 626; x_wconf 92' lang='lat' dir='ltr'><strong>oneris</strong></span> <span class='ocrx_word' id='word_1_27' title='bbox 831 563 962 641; x_wconf 88' lang='lat' dir='ltr'><strong>impositi</strong></span> <span class='ocrx_word' id='word_1_28' title='bbox 982 575 1033 623; x_wconf 92' lang='lat' dir='ltr'><strong>tua</strong></span> <span class='ocrx_word' id='word_1_29' title='bbox 1049 564 1138 640; x_wconf 90' lang='lat' dir='ltr'><strong>culpa</strong></span> 
     </span>
     <span class='ocr_line' id='line_1_5' title="bbox 138 661 1137 743; baseline -0.003 -21"><span class='ocrx_word' id='word_1_30' title='bbox 138 662 183 736; x_wconf 89' lang='lat' dir='ltr'><strong>sit,</strong></span> <span class='ocrx_word' id='word_1_31' title='bbox 203 684 271 725; x_wconf 90' lang='lat' dir='ltr'><strong>mea</strong></span> <span class='ocrx_word' id='word_1_32' title='bbox 291 665 420 743; x_wconf 83' lang='lat' dir='ltr'><strong>recepti;</strong></span> <span class='ocrx_word' id='word_1_33' title='bbox 447 664 478 724; x_wconf 93' lang='lat' dir='ltr'><strong>in</strong></span> <span class='ocrx_word' id='word_1_34' title='bbox 500 684 561 742; x_wconf 94' lang='lat' dir='ltr'><strong>quo</strong></span> <span class='ocrx_word' id='word_1_35' title='bbox 580 675 680 724; x_wconf 89' lang='lat' dir='ltr'><strong>tamen</strong></span> <span class='ocrx_word' id='word_1_36' title='bbox 699 662 791 723; x_wconf 90' lang='lat' dir='ltr'><strong>iudici</strong></span> <span class='ocrx_word' id='word_1_37' title='bbox 810 661 903 723; x_wconf 89' lang='lat' dir='ltr'><strong>nostri</strong></span> <span class='ocrx_word' id='word_1_38' title='bbox 924 680 1051 723; x_wconf 91' lang='lat' dir='ltr'><strong>errorem</strong></span> <span class='ocrx_word' id='word_1_39' title='bbox 1073 662 1137 720; x_wconf 86' lang='lat' dir='ltr'><strong>laus</strong></span> 
     </span>
     <span class='ocr_line' id='line_1_6' title="bbox 110 760 1178 852; baseline 0.001 -32"><span class='ocrx_word' id='word_1_40' title='bbox 110 760 192 837; x_wconf 83' lang='lat' dir='ltr'><strong>5tibi</strong></span> <span class='ocrx_word' id='word_1_41' title='bbox 213 761 276 822; x_wconf 90' lang='lat' dir='ltr'><strong>dati</strong></span> <span class='ocrx_word' id='word_1_42' title='bbox 297 762 427 822; x_wconf 87' lang='lat' dir='ltr'><strong>muneris</strong></span> <span class='ocrx_word' id='word_1_43' title='bbox 448 760 663 840; x_wconf 87' lang='lat' dir='ltr'><strong>compensabit.</strong></span> <span class='ocrx_word' id='word_1_44' title='bbox 1150 810 1178 852; x_wconf 88' lang='lat'><strong>11</strong></span> 
     </span>
     <span class='ocr_line' id='line_1_7' title="bbox 179 855 1184 946; baseline -0.004 -27"><span class='ocrx_word' id='word_1_45' title='bbox 179 861 238 920; x_wconf 93' lang='lat' dir='ltr'><strong>Sed</strong></span> <span class='ocrx_word' id='word_1_46' title='bbox 260 859 291 919; x_wconf 93' lang='lat' dir='ltr'><strong>in</strong></span> <span class='ocrx_word' id='word_1_47' title='bbox 312 859 395 920; x_wconf 92' lang='lat' dir='ltr'><strong>omni</strong></span> <span class='ocrx_word' id='word_1_48' title='bbox 416 880 447 920; x_wconf 91' lang='lat' dir='ltr'><strong>re</strong></span> <span class='ocrx_word' id='word_1_49' title='bbox 465 859 672 920; x_wconf 90' lang='lat' dir='ltr'><strong>difficillimum</strong></span> <span class='ocrx_word' id='word_1_50' title='bbox 695 869 740 918; x_wconf 90' lang='lat' dir='ltr'><strong>est</strong></span> <span class='ocrx_word' id='word_1_51' title='bbox 762 860 896 930; x_wconf 87' lang='lat' dir='ltr'><strong>sormam,</strong></span> <span class='ocrx_word' id='word_1_52' title='bbox 919 855 971 935; x_wconf 92' lang='lat' dir='ltr'><strong>qui</strong></span> <span class='ocrx_word' id='word_1_53' title='bbox 994 857 1138 935; x_wconf 72' lang='grc' dir='ltr'>χαρακτὴρ</span> <span class='ocrx_word' id='word_1_54' title='bbox 1152 882 1184 946; x_wconf 77' lang='lat'><strong>³⁶</strong></span> 
     </span>
     <span class='ocr_line' id='line_1_8' title="bbox 138 953 1137 1035; baseline -0.002 -19"><span class='ocrx_word' id='word_1_55' title='bbox 138 957 252 1017; x_wconf 87' lang='lat' dir='ltr'><strong>Graece</strong></span> <span class='ocrx_word' id='word_1_56' title='bbox 276 956 391 1030; x_wconf 91' lang='lat' dir='ltr'><strong>dicitur,</strong></span> <span class='ocrx_word' id='word_1_57' title='bbox 415 977 563 1035; x_wconf 84' lang='lat' dir='ltr'><strong>exponere</strong></span> <span class='ocrx_word' id='word_1_58' title='bbox 587 955 701 1033; x_wconf 91' lang='lat' dir='ltr'><strong>optimi,</strong></span> <span class='ocrx_word' id='word_1_59' title='bbox 724 957 807 1033; x_wconf 90' lang='lat' dir='ltr'><strong>quod</strong></span> <span class='ocrx_word' id='word_1_60' title='bbox 827 954 909 1015; x_wconf 91' lang='lat' dir='ltr'><strong>aliud</strong></span> <span class='ocrx_word' id='word_1_61' title='bbox 933 953 998 1015; x_wconf 88' lang='lat' dir='ltr'><strong>aliis</strong></span> <span class='ocrx_word' id='word_1_62' title='bbox 1020 954 1137 1015; x_wconf 87' lang='lat' dir='ltr'><strong>videtur</strong></span> 
     </span>
     <span class='ocr_line' id='line_1_9' title="bbox 137 1051 1137 1132; baseline -0.002 -19"><span class='ocrx_word' id='word_1_63' title='bbox 137 1053 293 1132; x_wconf 91' lang='lat' dir='ltr'><strong>optimum.</strong></span> <span class='ocrx_word' id='word_1_64' title='bbox 338 1054 439 1115; x_wconf 92' lang='lat' dir='ltr'><strong>Ennio</strong></span> <span class='ocrx_word' id='word_1_65' title='bbox 452 1057 593 1127; x_wconf 89' lang='lat' dir='ltr'><strong>delector,</strong></span> <span class='ocrx_word' id='word_1_66' title='bbox 608 1053 649 1113; x_wconf 91' lang='lat' dir='ltr'><strong>ait</strong></span> <span class='ocrx_word' id='word_1_67' title='bbox 663 1053 819 1131; x_wconf 83' lang='lat' dir='ltr'><strong>quispiam,</strong></span> <span class='ocrx_word' id='word_1_68' title='bbox 836 1055 919 1130; x_wconf 91' lang='lat' dir='ltr'><strong>quod</strong></span> <span class='ocrx_word' id='word_1_69' title='bbox 933 1072 994 1111; x_wconf 91' lang='lat' dir='ltr'><strong>non</strong></span> <span class='ocrx_word' id='word_1_70' title='bbox 1009 1051 1137 1113; x_wconf 91' lang='lat' dir='ltr'><strong>discedit</strong></span> 
     </span>
     <span class='ocr_line' id='line_1_10' title="bbox 136 1149 1136 1226; baseline 0 -16"><span class='ocrx_word' id='word_1_71' title='bbox 136 1171 154 1210; x_wconf 92' lang='lat' dir='ltr'><strong>a</strong></span> <span class='ocrx_word' id='word_1_72' title='bbox 171 1151 326 1211; x_wconf 89' lang='lat' dir='ltr'><strong>communi</strong></span> <span class='ocrx_word' id='word_1_73' title='bbox 345 1172 428 1212; x_wconf 89' lang='lat' dir='ltr'><strong>more</strong></span> <span class='ocrx_word' id='word_1_74' title='bbox 446 1151 604 1211; x_wconf 89' lang='lat' dir='ltr'><strong>verborum</strong></span> <span class='ocrx_word' id='word_1_75' title='bbox 614 1173 623 1225; x_wconf 92' lang='lat'>;</span> <span class='ocrx_word' id='word_1_76' title='bbox 645 1150 783 1226; x_wconf 66' lang='lat' dir='ltr'><strong>Pacuvio</strong></span> <span class='ocrx_word' id='word_1_77' title='bbox 799 1149 896 1226; x_wconf 92' lang='lat' dir='ltr'><strong>inquit</strong></span> <span class='ocrx_word' id='word_1_78' title='bbox 916 1149 1009 1209; x_wconf 91' lang='lat' dir='ltr'><strong>alius:</strong></span> <span class='ocrx_word' id='word_1_79' title='bbox 1030 1169 1136 1210; x_wconf 89' lang='lat' dir='ltr'><strong>omnes</strong></span> 
     </span>
     <span class='ocr_line' id='line_1_11' title="bbox 95 1247 1137 1325; baseline 0.001 -19"><span class='ocrx_word' id='word_1_80' title='bbox 95 1250 218 1324; x_wconf 83' lang='lat' dir='ltr'><strong>roapud</strong></span> <span class='ocrx_word' id='word_1_81' title='bbox 245 1251 326 1309; x_wconf 92' lang='lat' dir='ltr'><strong>hunc</strong></span> <span class='ocrx_word' id='word_1_82' title='bbox 354 1249 450 1310; x_wconf 92' lang='lat' dir='ltr'><strong>ornati</strong></span> <span class='ocrx_word' id='word_1_83' title='bbox 477 1247 680 1325; x_wconf 86' lang='lat' dir='ltr'><strong>elaboratique</strong></span> <span class='ocrx_word' id='word_1_84' title='bbox 707 1259 777 1308; x_wconf 91' lang='lat' dir='ltr'><strong>sunt</strong></span> <span class='ocrx_word' id='word_1_85' title='bbox 804 1267 913 1320; x_wconf 89' lang='lat' dir='ltr'><strong>versus,</strong></span> <span class='ocrx_word' id='word_1_86' title='bbox 937 1249 1032 1307; x_wconf 92' lang='lat' dir='ltr'><strong>multo</strong></span> <span class='ocrx_word' id='word_1_87' title='bbox 1055 1248 1137 1324; x_wconf 91' lang='lat' dir='ltr'><strong>apud</strong></span> 
     </span>
     <span class='ocr_line' id='line_1_12' title="bbox 136 1344 1136 1425; baseline -0.002 -20"><span class='ocrx_word' id='word_1_88' title='bbox 136 1348 261 1407; x_wconf 90' lang='lat' dir='ltr'><strong>alterurn</strong></span> <span class='ocrx_word' id='word_1_89' title='bbox 286 1347 508 1425; x_wconf 81' lang='lat' dir='ltr'><strong>neglegentius3</strong></span> <span class='ocrx_word' id='word_1_90' title='bbox 536 1348 584 1407; x_wconf 83' lang='lat' dir='ltr'><strong>lac</strong></span> <span class='ocrx_word' id='word_1_91' title='bbox 607 1345 700 1406; x_wconf 89' lang='lat' dir='ltr'><strong>alium</strong></span> <span class='ocrx_word' id='word_1_92' title='bbox 722 1345 836 1419; x_wconf 88' lang='lat' dir='ltr'><strong>Accio;</strong></span> <span class='ocrx_word' id='word_1_93' title='bbox 864 1344 944 1404; x_wconf 86' lang='lat' dir='ltr'><strong>varia</strong></span> <span class='ocrx_word' id='word_1_94' title='bbox 963 1345 1045 1405; x_wconf 92' lang='lat' dir='ltr'><strong>enim</strong></span> <span class='ocrx_word' id='word_1_95' title='bbox 1066 1355 1136 1405; x_wconf 91' lang='lat' dir='ltr'><strong>sunt</strong></span> 
     </span>
     <span class='ocr_line' id='line_1_13' title="bbox 137 1441 1136 1520; baseline 0 -19"><span class='ocrx_word' id='word_1_96' title='bbox 137 1442 255 1517; x_wconf 93' lang='lat' dir='ltr'><strong>iudicia,</strong></span> <span class='ocrx_word' id='word_1_97' title='bbox 285 1455 318 1503; x_wconf 95' lang='lat' dir='ltr'><strong>ut</strong></span> <span class='ocrx_word' id='word_1_98' title='bbox 340 1444 371 1503; x_wconf 93' lang='lat' dir='ltr'><strong>in</strong></span> <span class='ocrx_word' id='word_1_99' title='bbox 394 1444 524 1516; x_wconf 91' lang='lat' dir='ltr'><strong>Graecis,</strong></span> <span class='ocrx_word' id='word_1_100' title='bbox 554 1463 610 1503; x_wconf 89' lang='lat' dir='ltr'><strong>nec</strong></span> <span class='ocrx_word' id='word_1_101' title='bbox 637 1442 741 1503; x_wconf 80' lang='lat' dir='ltr'><strong>facilis</strong></span> <span class='ocrx_word' id='word_1_102' title='bbox 758 1441 916 1520; x_wconf 85' lang='lat' dir='ltr'><strong>explicatio</strong></span> <span class='ocrx_word' id='word_1_103' title='bbox 940 1461 1017 1518; x_wconf 91' lang='lat' dir='ltr'><strong>quae</strong></span> <span class='ocrx_word' id='word_1_104' title='bbox 1041 1443 1136 1502; x_wconf 81' lang='lat' dir='ltr'><strong>forma</strong></span> 
     </span>
     <span class='ocr_line' id='line_1_14' title="bbox 138 1537 1136 1618; baseline 0 -20"><span class='ocrx_word' id='word_1_105' title='bbox 138 1539 266 1600; x_wconf 86' lang='lat' dir='ltr'><strong>maxime</strong></span> <span class='ocrx_word' id='word_1_106' title='bbox 287 1543 417 1601; x_wconf 85' lang='lat' dir='ltr'><strong>excellat.</strong></span> <span class='ocrx_word' id='word_1_107' title='bbox 463 1543 500 1600; x_wconf 93' lang='lat' dir='ltr'><strong>In</strong></span> <span class='ocrx_word' id='word_1_108' title='bbox 520 1539 642 1618; x_wconf 92' lang='lat' dir='ltr'><strong>picturis</strong></span> <span class='ocrx_word' id='word_1_109' title='bbox 663 1539 737 1600; x_wconf 91' lang='lat' dir='ltr'><strong>alios</strong></span> <span class='ocrx_word' id='word_1_110' title='bbox 758 1538 878 1599; x_wconf 85' lang='lat' dir='ltr'><strong>horrida</strong></span> <span class='ocrx_word' id='word_1_111' title='bbox 898 1538 1018 1611; x_wconf 90' lang='lat' dir='ltr'><strong>inculta,</strong></span> <span class='ocrx_word' id='word_1_112' title='bbox 1033 1537 1136 1599; x_wconf 88' lang='lat' dir='ltr'><strong>abdita</strong></span> 
     </span>
     <span class='ocr_line' id='line_1_15' title="bbox 137 1637 1134 1715; baseline -0.003 -18"><span class='ocrx_word' id='word_1_113' title='bbox 137 1649 166 1697; x_wconf 88' lang='lat' dir='ltr'><strong>et</strong></span> <span class='ocrx_word' id='word_1_114' title='bbox 191 1657 294 1715; x_wconf 92' lang='lat' dir='ltr'><strong>opaca,</strong></span> <span class='ocrx_word' id='word_1_115' title='bbox 317 1650 421 1699; x_wconf 90' lang='lat' dir='ltr'><strong>contra</strong></span> <span class='ocrx_word' id='word_1_116' title='bbox 446 1639 521 1698; x_wconf 93' lang='lat' dir='ltr'><strong>alios</strong></span> <span class='ocrx_word' id='word_1_117' title='bbox 544 1637 638 1698; x_wconf 89' lang='lat' dir='ltr'><strong>nitida</strong></span> <span class='ocrx_word' id='word_1_118' title='bbox 665 1639 742 1696; x_wconf 87' lang='lat' dir='ltr'><strong>laeta</strong></span> <span class='ocrx_word' id='word_1_119' title='bbox 769 1638 950 1696; x_wconf 90' lang='lat' dir='ltr'><strong>conlustrata</strong></span> <span class='ocrx_word' id='word_1_120' title='bbox 976 1637 1134 1696; x_wconf 86' lang='lat' dir='ltr'><strong>delectant</strong></span> 
     </span>
     <span class='ocr_line' id='line_1_16' title="bbox 93 1732 1135 1814; baseline -0.002 -20"><span class='ocrx_word' id='word_1_121' title='bbox 93 1760 122 1809; x_wconf 81' lang='lat'><strong>¹5</strong></span> <span class='ocrx_word' id='word_1_122' title='bbox 139 1735 222 1810; x_wconf 90' lang='lat' dir='ltr'><strong>Quid</strong></span> <span class='ocrx_word' id='word_1_123' title='bbox 237 1747 281 1796; x_wconf 91' lang='lat' dir='ltr'><strong>est</strong></span> <span class='ocrx_word' id='word_1_124' title='bbox 296 1756 357 1814; x_wconf 90' lang='lat' dir='ltr'><strong>quo</strong></span> <span class='ocrx_word' id='word_1_125' title='bbox 371 1736 585 1814; x_wconf 90' lang='lat' dir='ltr'><strong>praescriptum</strong></span> <span class='ocrx_word' id='word_1_126' title='bbox 599 1734 722 1812; x_wconf 90' lang='lat' dir='ltr'><strong>aliquod</strong></span> <span class='ocrx_word' id='word_1_127' title='bbox 738 1745 790 1794; x_wconf 88' lang='lat' dir='ltr'><strong>aut</strong></span> <span class='ocrx_word' id='word_1_128' title='bbox 803 1736 960 1794; x_wconf 80' lang='lat' dir='ltr'><strong>formulam</strong></span> <span class='ocrx_word' id='word_1_129' title='bbox 980 1732 1135 1811; x_wconf 88' lang='lat' dir='ltr'><strong>exprimas,</strong></span> 
     </span>
     <span class='ocr_line' id='line_1_17' title="bbox 137 1831 1137 1911; baseline -0.001 -19"><span class='ocrx_word' id='word_1_130' title='bbox 137 1853 207 1892; x_wconf 96' lang='lat' dir='ltr'><strong>cum</strong></span> <span class='ocrx_word' id='word_1_131' title='bbox 228 1832 260 1893; x_wconf 93' lang='lat' dir='ltr'><strong>in</strong></span> <span class='ocrx_word' id='word_1_132' title='bbox 281 1853 336 1893; x_wconf 93' lang='lat' dir='ltr'><strong>suo</strong></span> <span class='ocrx_word' id='word_1_133' title='bbox 356 1833 490 1911; x_wconf 91' lang='lat' dir='ltr'><strong>quidque</strong></span> <span class='ocrx_word' id='word_1_134' title='bbox 509 1853 617 1911; x_wconf 87' lang='lat' dir='ltr'><strong>genere</strong></span> <span class='ocrx_word' id='word_1_135' title='bbox 635 1843 764 1910; x_wconf 90' lang='lat' dir='ltr'><strong>praestet</strong></span> <span class='ocrx_word' id='word_1_136' title='bbox 783 1843 812 1892; x_wconf 93' lang='lat' dir='ltr'><strong>et</strong></span> <span class='ocrx_word' id='word_1_137' title='bbox 828 1852 937 1909; x_wconf 89' lang='lat' dir='ltr'><strong>genera</strong></span> <span class='ocrx_word' id='word_1_138' title='bbox 952 1833 1036 1908; x_wconf 91' lang='lat' dir='ltr'><strong>plura</strong></span> <span class='ocrx_word' id='word_1_139' title='bbox 1055 1831 1137 1891; x_wconf 83' lang='lat' dir='ltr'><strong>sint?</strong></span> 
     </span>
     <span class='ocr_line' id='line_1_18' title="bbox 138 1927 1136 2008; baseline -0.003 -18"><span class='ocrx_word' id='word_1_140' title='bbox 138 1931 207 1990; x_wconf 90' lang='lat' dir='ltr'><strong>Hac</strong></span> <span class='ocrx_word' id='word_1_141' title='bbox 228 1950 285 2008; x_wconf 91' lang='lat' dir='ltr'><strong>ego</strong></span> <span class='ocrx_word' id='word_1_142' title='bbox 305 1930 448 2008; x_wconf 87' lang='lat' dir='ltr'><strong>religione</strong></span> <span class='ocrx_word' id='word_1_143' title='bbox 464 1950 527 1991; x_wconf 91' lang='lat' dir='ltr'><strong>non</strong></span> <span class='ocrx_word' id='word_1_144' title='bbox 544 1950 611 1990; x_wconf 90' lang='lat' dir='ltr'><strong>sum</strong></span> <span class='ocrx_word' id='word_1_145' title='bbox 627 1929 666 1990; x_wconf 92' lang='lat' dir='ltr'><strong>ab</strong></span> <span class='ocrx_word' id='word_1_146' title='bbox 683 1931 742 1990; x_wconf 94' lang='lat' dir='ltr'><strong>hoc</strong></span> <span class='ocrx_word' id='word_1_147' title='bbox 759 1940 868 1989; x_wconf 90' lang='lat' dir='ltr'><strong>conatu</strong></span> <span class='ocrx_word' id='word_1_148' title='bbox 887 1931 1022 2005; x_wconf 91' lang='lat' dir='ltr'><strong>repulsus</strong></span> <span class='ocrx_word' id='word_1_149' title='bbox 1041 1927 1136 1989; x_wconf 93' lang='lat' dir='ltr'><strong>existi-</strong></span> 
     </span>
     <span class='ocr_line' id='line_1_19' title="bbox 137 2025 1136 2104; baseline 0 -18"><span class='ocrx_word' id='word_1_150' title='bbox 137 2026 276 2104; x_wconf 91' lang='lat' dir='ltr'><strong>mavique</strong></span> <span class='ocrx_word' id='word_1_151' title='bbox 297 2027 328 2086; x_wconf 95' lang='lat' dir='ltr'><strong>in</strong></span> <span class='ocrx_word' id='word_1_152' title='bbox 350 2028 490 2089; x_wconf 90' lang='lat' dir='ltr'><strong>omnibus</strong></span> <span class='ocrx_word' id='word_1_153' title='bbox 511 2028 600 2088; x_wconf 91' lang='lat' dir='ltr'><strong>rebus</strong></span> <span class='ocrx_word' id='word_1_154' title='bbox 619 2047 685 2087; x_wconf 91' lang='lat' dir='ltr'><strong>esse</strong></span> <span class='ocrx_word' id='word_1_155' title='bbox 703 2025 816 2103; x_wconf 91' lang='lat' dir='ltr'><strong>aliquid</strong></span> <span class='ocrx_word' id='word_1_156' title='bbox 834 2025 989 2104; x_wconf 91' lang='lat' dir='ltr'><strong>optimum,</strong></span> <span class='ocrx_word' id='word_1_157' title='bbox 1006 2025 1096 2085; x_wconf 86' lang='lat' dir='ltr'><strong>etiam</strong></span> <span class='ocrx_word' id='word_1_158' title='bbox 1111 2025 1136 2086; x_wconf 94' lang='lat' dir='ltr'><strong>si</strong></span> 
     </span>
     <span class='ocr_line' id='line_1_20' title="bbox 136 2123 1120 2204; baseline -0.001 -20"><span class='ocrx_word' id='word_1_159' title='bbox 136 2127 248 2198; x_wconf 89' lang='lat' dir='ltr'><strong>lateret,</strong></span> <span class='ocrx_word' id='word_1_160' title='bbox 264 2124 355 2203; x_wconf 90' lang='lat' dir='ltr'><strong>idque</strong></span> <span class='ocrx_word' id='word_1_161' title='bbox 368 2125 408 2185; x_wconf 93' lang='lat' dir='ltr'><strong>ab</strong></span> <span class='ocrx_word' id='word_1_162' title='bbox 422 2145 460 2186; x_wconf 91' lang='lat' dir='ltr'><strong>eo</strong></span> <span class='ocrx_word' id='word_1_163' title='bbox 473 2144 562 2204; x_wconf 89' lang='lat' dir='ltr'><strong>posse</strong></span> <span class='ocrx_word' id='word_1_164' title='bbox 576 2123 628 2202; x_wconf 90' lang='lat' dir='ltr'><strong>qui</strong></span> <span class='ocrx_word' id='word_1_165' title='bbox 641 2123 705 2185; x_wconf 89' lang='lat' dir='ltr'><strong>eius</strong></span> <span class='ocrx_word' id='word_1_166' title='bbox 719 2123 761 2184; x_wconf 95' lang='lat' dir='ltr'><strong>rei</strong></span> <span class='ocrx_word' id='word_1_167' title='bbox 774 2143 882 2201; x_wconf 89' lang='lat' dir='ltr'><strong>gnarus</strong></span> <span class='ocrx_word' id='word_1_168' title='bbox 896 2135 974 2184; x_wconf 91' lang='lat' dir='ltr'><strong>esset</strong></span> <span class='ocrx_word' id='word_1_169' title='bbox 987 2123 1120 2184; x_wconf 89' lang='lat' dir='ltr'><strong>iudicari.</strong></span> 
     </span>
     <span class='ocr_line' id='line_1_21' title="bbox 93 2221 1181 2300; baseline 0.005 -21"><span class='ocrx_word' id='word_1_170' title='bbox 93 2246 125 2280; x_wconf 83' lang='grc' dir='ltr'><strong>ιο</strong></span> <span class='ocrx_word' id='word_1_171' title='bbox 177 2224 238 2283; x_wconf 87' lang='lat' dir='ltr'><strong>Sed</strong></span> <span class='ocrx_word' id='word_1_172' title='bbox 252 2223 396 2300; x_wconf 90' lang='lat' dir='ltr'><strong>quoniam</strong></span> <span class='ocrx_word' id='word_1_173' title='bbox 412 2226 496 2300; x_wconf 93' lang='lat' dir='ltr'><strong>plura</strong></span> <span class='ocrx_word' id='word_1_174' title='bbox 510 2234 579 2282; x_wconf 92' lang='lat' dir='ltr'><strong>sunt</strong></span> <span class='ocrx_word' id='word_1_175' title='bbox 598 2221 766 2292; x_wconf 89' lang='lat' dir='ltr'><strong>orationum</strong></span> <span class='ocrx_word' id='word_1_176' title='bbox 780 2241 889 2299; x_wconf 89' lang='lat' dir='ltr'><strong>genera</strong></span> <span class='ocrx_word' id='word_1_177' title='bbox 907 2240 1002 2298; x_wconf 90' lang='lat' dir='ltr'><strong>eaque</strong></span> <span class='ocrx_word' id='word_1_178' title='bbox 1019 2221 1136 2282; x_wconf 87' lang='lat' dir='ltr'><strong>diversa</strong></span> <span class='ocrx_word' id='word_1_179' title='bbox 1148 2231 1181 2284; x_wconf 75' lang='lat'><strong>37</strong></span> 
     </span>
     <span class='ocr_line' id='line_1_22' title="bbox 136 2316 1138 2400; baseline 0.002 -22"><span class='ocrx_word' id='word_1_180' title='bbox 136 2340 235 2397; x_wconf 89' lang='lat' dir='ltr'><strong>neque</strong></span> <span class='ocrx_word' id='word_1_181' title='bbox 245 2319 277 2378; x_wconf 87' lang='lat' dir='ltr'><strong>in</strong></span> <span class='ocrx_word' id='word_1_182' title='bbox 287 2340 378 2380; x_wconf 90' lang='lat' dir='ltr'><strong>unam</strong></span> <span class='ocrx_word' id='word_1_183' title='bbox 395 2322 521 2381; x_wconf 82' lang='lat' dir='ltr'><strong>formam</strong></span> <span class='ocrx_word' id='word_1_184' title='bbox 532 2321 645 2399; x_wconf 86' lang='lat' dir='ltr'><strong>cadunt</strong></span> <span class='ocrx_word' id='word_1_185' title='bbox 656 2318 765 2392; x_wconf 88' lang='lat' dir='ltr'><strong>omnia,</strong></span> <span class='ocrx_word' id='word_1_186' title='bbox 775 2317 981 2379; x_wconf 89' lang='lat' dir='ltr'><strong>laudationum</strong></span> <span class='ocrx_word' id='word_1_187' title='bbox 993 2316 1138 2400; x_wconf 91' lang='lat' dir='ltr'><strong>[scriptio-</strong></span> 
     </span>
     <span class='ocr_line' id='line_1_23' title="bbox 135 2414 1136 2500; baseline 0.002 -25"><span class='ocrx_word' id='word_1_188' title='bbox 135 2414 222 2497; x_wconf 91' lang='lat' dir='ltr'><strong>num]</strong></span> <span class='ocrx_word' id='word_1_189' title='bbox 236 2429 266 2478; x_wconf 93' lang='lat' dir='ltr'><strong>et</strong></span> <span class='ocrx_word' id='word_1_190' title='bbox 281 2417 469 2478; x_wconf 87' lang='lat' dir='ltr'><strong>historiarum</strong></span> <span class='ocrx_word' id='word_1_191' title='bbox 484 2429 513 2478; x_wconf 92' lang='lat' dir='ltr'><strong>et</strong></span> <span class='ocrx_word' id='word_1_192' title='bbox 533 2417 636 2477; x_wconf 91' lang='lat' dir='ltr'><strong>talium</strong></span> <span class='ocrx_word' id='word_1_193' title='bbox 651 2415 832 2489; x_wconf 91' lang='lat' dir='ltr'><strong>suasionum,</strong></span> <span class='ocrx_word' id='word_1_194' title='bbox 849 2418 968 2500; x_wconf 89' lang='lat' dir='ltr'><strong>qualem</strong></span> <span class='ocrx_word' id='word_1_195' title='bbox 989 2419 1136 2477; x_wconf 91' lang='lat' dir='ltr'><strong>Isocrates</strong></span> 
     </span>
     <span class='ocr_line' id='line_1_24' title="bbox 134 2499 1133 2593; baseline 0.001 -19"><span class='ocrx_word' id='word_1_196' title='bbox 134 2514 205 2575; x_wconf 84' lang='lat' dir='ltr'><strong>fecit</strong></span> <span class='ocrx_word' id='word_1_197' title='bbox 219 2499 434 2593; x_wconf 85' lang='lat' dir='ltr'><strong>Panegyricum</strong></span> <span class='ocrx_word' id='word_1_198' title='bbox 450 2515 595 2593; x_wconf 90' lang='lat' dir='ltr'><strong>multique</strong></span> <span class='ocrx_word' id='word_1_199' title='bbox 609 2513 659 2575; x_wconf 89' lang='lat' dir='ltr'><strong>alii</strong></span> <span class='ocrx_word' id='word_1_200' title='bbox 673 2513 726 2592; x_wconf 91' lang='lat' dir='ltr'><strong>qui</strong></span> <span class='ocrx_word' id='word_1_201' title='bbox 736 2525 806 2575; x_wconf 92' lang='lat' dir='ltr'><strong>sunt</strong></span> <span class='ocrx_word' id='word_1_202' title='bbox 817 2514 963 2574; x_wconf 90' lang='lat' dir='ltr'><strong>nominati</strong></span> <span class='ocrx_word' id='word_1_203' title='bbox 973 2514 1133 2592; x_wconf 82' lang='lat' dir='ltr'><strong>sophistae,</strong></span> 
     </span>
     <span class='ocr_line' id='line_1_25' title="bbox 135 2608 1136 2693; baseline 0 -22"><span class='ocrx_word' id='word_1_204' title='bbox 135 2611 376 2690; x_wconf 90' lang='lat' dir='ltr'><strong>reliquarumque</strong></span> <span class='ocrx_word' id='word_1_205' title='bbox 399 2611 594 2691; x_wconf 88' lang='lat' dir='ltr'><strong>scriptionum</strong></span> <span class='ocrx_word' id='word_1_206' title='bbox 620 2608 743 2693; x_wconf 90' lang='lat' dir='ltr'><strong>[rerum]</strong></span> <span class='ocrx_word' id='word_1_207' title='bbox 765 2613 901 2685; x_wconf 81' lang='lat' dir='ltr'><strong>sormam,</strong></span> <span class='ocrx_word' id='word_1_208' title='bbox 925 2632 1002 2689; x_wconf 90' lang='lat' dir='ltr'><strong>quae</strong></span> <span class='ocrx_word' id='word_1_209' title='bbox 1025 2614 1136 2672; x_wconf 88' lang='lat' dir='ltr'><strong>absunt</strong></span> 
     </span>
    </p>
   </div>
   <div class='ocr_carea' id='block_1_3' title="bbox 92 2708 1162 3083">
    <p class='ocr_par' dir='ltr' id='par_1_3' title="bbox 92 2708 1162 3083">
     <span class='ocr_line' id='line_1_26' title="bbox 92 2708 1134 2789; baseline 0.005 -25"><span class='ocrx_word' id='word_1_210' title='bbox 92 2732 122 2780; x_wconf 84' lang='lat'><strong>25</strong></span> <span class='ocrx_word' id='word_1_211' title='bbox 135 2730 154 2769; x_wconf 89' lang='lat' dir='ltr'><strong>a</strong></span> <span class='ocrx_word' id='word_1_212' title='bbox 171 2709 282 2771; x_wconf 83' lang='lat' dir='ltr'><strong>lorensi</strong></span> <span class='ocrx_word' id='word_1_213' title='bbox 303 2710 497 2772; x_wconf 87' lang='lat' dir='ltr'><strong>contentione</strong></span> <span class='ocrx_word' id='word_1_214' title='bbox 518 2710 643 2789; x_wconf 89' lang='lat' dir='ltr'><strong>eiusque</strong></span> <span class='ocrx_word' id='word_1_215' title='bbox 662 2708 754 2770; x_wconf 90' lang='lat' dir='ltr'><strong>totius</strong></span> <span class='ocrx_word' id='word_1_216' title='bbox 777 2708 893 2786; x_wconf 89' lang='lat' dir='ltr'><strong>generis</strong></span> <span class='ocrx_word' id='word_1_217' title='bbox 916 2710 998 2787; x_wconf 93' lang='lat' dir='ltr'><strong>quod</strong></span> <span class='ocrx_word' id='word_1_218' title='bbox 1020 2711 1134 2770; x_wconf 90' lang='lat' dir='ltr'><strong>Graece</strong></span> 
     </span>
     <span class='ocr_line' id='line_1_27' title="bbox 135 2806 1136 2885; baseline -0.001 -17"><span class='ocrx_word' id='word_1_219' title='bbox 135 2809 315 2869; x_wconf 73' lang='grc' dir='ltr'>ἐπιδεικτικὸν</span> <span class='ocrx_word' id='word_1_220' title='bbox 332 2807 512 2881; x_wconf 89' lang='lat' dir='ltr'><strong>nominatur,</strong></span> <span class='ocrx_word' id='word_1_221' title='bbox 529 2809 600 2885; x_wconf 88' lang='lat' dir='ltr'><strong>quia</strong></span> <span class='ocrx_word' id='word_1_222' title='bbox 613 2807 698 2885; x_wconf 91' lang='lat' dir='ltr'><strong>quasi</strong></span> <span class='ocrx_word' id='word_1_223' title='bbox 714 2809 756 2869; x_wconf 91' lang='lat' dir='ltr'><strong>ad</strong></span> <span class='ocrx_word' id='word_1_224' title='bbox 775 2806 994 2885; x_wconf 89' lang='lat' dir='ltr'><strong>inspiciendum</strong></span> <span class='ocrx_word' id='word_1_225' title='bbox 1009 2806 1136 2867; x_wconf 91' lang='lat' dir='ltr'><strong>delecta·</strong></span> 
     </span>
     <span class='ocr_line' id='line_1_28' title="bbox 135 2906 1162 2984; baseline 0 -18"><span class='ocrx_word' id='word_1_226' title='bbox 135 2906 224 2967; x_wconf 89' lang='lat' dir='ltr'><strong>tionis</strong></span> <span class='ocrx_word' id='word_1_227' title='bbox 238 2927 328 2967; x_wconf 89' lang='lat' dir='ltr'><strong>causa</strong></span> <span class='ocrx_word' id='word_1_228' title='bbox 342 2918 547 2984; x_wconf 91' lang='lat' dir='ltr'><strong>comparatum</strong></span> <span class='ocrx_word' id='word_1_229' title='bbox 562 2917 615 2980; x_wconf 90' lang='lat' dir='ltr'><strong>est,</strong></span> <span class='ocrx_word' id='word_1_230' title='bbox 632 2925 694 2966; x_wconf 90' lang='lat' dir='ltr'><strong>non</strong></span> <span class='ocrx_word' id='word_1_231' title='bbox 709 2908 890 2983; x_wconf 90' lang='lat' dir='ltr'><strong>complectar</strong></span> <span class='ocrx_word' id='word_1_232' title='bbox 908 2907 967 2967; x_wconf 88' lang='lat' dir='ltr'><strong>hoc</strong></span> <span class='ocrx_word' id='word_1_233' title='bbox 981 2916 1135 2983; x_wconf 88' lang='lat' dir='ltr'><strong>tempore;</strong></span> <span class='ocrx_word' id='word_1_234' title='bbox 1161 2972 1162 2976; x_wconf 41' lang='lat'>,</span> 
     </span>
     <span class='ocr_line' id='line_1_29' title="bbox 134 3002 1135 3083; baseline 0.001 -19"><span class='ocrx_word' id='word_1_235' title='bbox 134 3025 196 3065; x_wconf 95' lang='lat' dir='ltr'><strong>non</strong></span> <span class='ocrx_word' id='word_1_236' title='bbox 221 3024 283 3082; x_wconf 90' lang='lat' dir='ltr'><strong>quo</strong></span> <span class='ocrx_word' id='word_1_237' title='bbox 307 3006 493 3083; x_wconf 90' lang='lat' dir='ltr'><strong>neglegenda</strong></span> <span class='ocrx_word' id='word_1_238' title='bbox 515 3003 571 3079; x_wconf 90' lang='lat' dir='ltr'><strong>sit;</strong></span> <span class='ocrx_word' id='word_1_239' title='bbox 602 3014 648 3065; x_wconf 90' lang='lat' dir='ltr'><strong>est</strong></span> <span class='ocrx_word' id='word_1_240' title='bbox 672 3002 753 3064; x_wconf 89' lang='lat' dir='ltr'><strong>enim</strong></span> <span class='ocrx_word' id='word_1_241' title='bbox 774 3002 825 3064; x_wconf 89' lang='lat' dir='ltr'><strong>illa</strong></span> <span class='ocrx_word' id='word_1_242' title='bbox 845 3002 930 3082; x_wconf 91' lang='lat' dir='ltr'><strong>quasi</strong></span> <span class='ocrx_word' id='word_1_243' title='bbox 951 3003 1049 3063; x_wconf 91' lang='lat' dir='ltr'><strong>nutrix</strong></span> <span class='ocrx_word' id='word_1_244' title='bbox 1071 3003 1135 3065; x_wconf 90' lang='lat' dir='ltr'><strong>eius</strong></span> 
     </span>
    </p>
   </div>
   <div class='ocr_carea' id='block_1_4' title="bbox 133 3153 1138 3682">
    <p class='ocr_par' dir='ltr' id='par_1_4' title="bbox 133 3153 1138 3682">
     <span class='ocr_line' id='line_1_30' title="bbox 169 3153 1138 3224; baseline 0.001 -16"><span class='ocrx_word' id='word_1_245' title='bbox 169 3175 180 3207; x_wconf 93' lang='lat'>1</span> <span class='ocrx_word' id='word_1_246' title='bbox 200 3165 361 3208; x_wconf 89' lang='lat' dir='ltr'><strong>recusantem</strong></span> <span class='ocrx_word' id='word_1_247' title='bbox 374 3158 441 3222; x_wconf 82' lang='lat' dir='ltr'><strong>vulg.</strong></span> <span class='ocrx_word' id='word_1_248' title='bbox 453 3176 459 3206; x_wconf 78' lang='grc' dir='ltr'>ι</span> <span class='ocrx_word' id='word_1_249' title='bbox 476 3157 644 3208; x_wconf 87' lang='lat' dir='ltr'><strong>recusandum</strong></span> <span class='ocrx_word' id='word_1_250' title='bbox 656 3153 679 3204; x_wconf 83' lang='lat' dir='ltr'><em>L</em></span> <span class='ocrx_word' id='word_1_251' title='bbox 784 3171 800 3218; x_wconf 82' lang='grc'>3</span> <span class='ocrx_word' id='word_1_252' title='bbox 817 3156 911 3206; x_wconf 86' lang='lat' dir='ltr'><strong>iniuste</strong></span> <span class='ocrx_word' id='word_1_253' title='bbox 925 3157 1017 3207; x_wconf 76' lang='lat' dir='ltr'><strong>maluit</strong></span> <span class='ocrx_word' id='word_1_254' title='bbox 1026 3158 1138 3224; x_wconf 77' lang='lat' dir='ltr'><strong>Kraffert</strong></span> 
     </span>
     <span class='ocr_line' id='line_1_31' title="bbox 133 3221 1138 3287; baseline 0 -14"><span class='ocrx_word' id='word_1_255' title='bbox 133 3228 151 3273; x_wconf 88' lang='lat'>6</span> <span class='ocrx_word' id='word_1_256' title='bbox 166 3224 209 3287; x_wconf 90' lang='lat' dir='ltr'><strong>qui</strong></span> <span class='ocrx_word' id='word_1_257' title='bbox 226 3224 309 3273; x_wconf 79' lang='lat' dir='ltr'><strong>Tulich</strong></span> <span class='ocrx_word' id='word_1_258' title='bbox 324 3223 368 3285; x_wconf 86' lang='lat' dir='ltr'><strong>(ed.</strong></span> <span class='ocrx_word' id='word_1_259' title='bbox 381 3224 458 3273; x_wconf 87' lang='lat' dir='ltr'><strong>Rom.</strong></span> <span class='ocrx_word' id='word_1_260' title='bbox 472 3225 564 3285; x_wconf 81' lang='lat'>1515):</span> <span class='ocrx_word' id='word_1_261' title='bbox 580 3238 647 3283; x_wconf 78' lang='lat' dir='ltr'><strong>quae</strong></span> <span class='ocrx_word' id='word_1_262' title='bbox 659 3222 724 3270; x_wconf 72' lang='lat' dir='ltr'><strong>idem</strong></span> <span class='ocrx_word' id='word_1_263' title='bbox 734 3222 761 3270; x_wconf 82' lang='lat' dir='ltr'><strong>ln</strong></span> <span class='ocrx_word' id='word_1_264' title='bbox 774 3239 855 3285; x_wconf 82' lang='lat' dir='ltr'><strong>marg.</strong></span> <span class='ocrx_word' id='word_1_265' title='bbox 868 3238 875 3270; x_wconf 77' lang='lat' dir='ltr'><strong>r</strong></span> <span class='ocrx_word' id='word_1_266' title='bbox 891 3225 961 3285; x_wconf 91' lang='lat' dir='ltr'><strong>quod</strong></span> <span class='ocrx_word' id='word_1_267' title='bbox 973 3221 996 3270; x_wconf 82' lang='lat'><strong>1.</strong></span> <span class='ocrx_word' id='word_1_268' title='bbox 1106 3239 1138 3274; x_wconf 90' lang='lat' dir='ltr'><strong>ro</strong></span> 
     </span>
     <span class='ocr_line' id='line_1_32' title="bbox 133 3286 1136 3351; baseline -0.002 -12"><span class='ocrx_word' id='word_1_269' title='bbox 133 3292 213 3339; x_wconf 90' lang='lat' dir='ltr'><strong>multo</strong></span> <span class='ocrx_word' id='word_1_270' title='bbox 224 3288 383 3337; x_wconf 77' lang='lat' dir='ltr'><strong>Lambinus:</strong></span> <span class='ocrx_word' id='word_1_271' title='bbox 400 3289 480 3338; x_wconf 84' lang='lat' dir='ltr'><strong>multa</strong></span> <span class='ocrx_word' id='word_1_272' title='bbox 491 3286 515 3336; x_wconf 90' lang='lat' dir='ltr'><em>L</em></span> <span class='ocrx_word' id='word_1_273' title='bbox 525 3305 533 3337; x_wconf 73' lang='grc' dir='ltr'>ι</span> <span class='ocrx_word' id='word_1_274' title='bbox 549 3288 620 3336; x_wconf 87' lang='lat' dir='ltr'><strong>multi</strong></span> <span class='ocrx_word' id='word_1_275' title='bbox 631 3287 737 3336; x_wconf 80' lang='lat' dir='ltr'><strong>Schenkl</strong></span> <span class='ocrx_word' id='word_1_276' title='bbox 812 3303 842 3349; x_wconf 86' lang='lat'><strong>13</strong></span> <span class='ocrx_word' id='word_1_277' title='bbox 858 3288 924 3346; x_wconf 83' lang='lat' dir='ltr'><strong>alios</strong></span> <span class='ocrx_word' id='word_1_278' title='bbox 936 3289 1002 3351; x_wconf 78' lang='lat' dir='ltr'><strong>vulg.</strong></span> <span class='ocrx_word' id='word_1_279' title='bbox 1012 3304 1019 3336; x_wconf 75' lang='grc' dir='ltr'><strong><em>ε</em></strong></span> <span class='ocrx_word' id='word_1_280' title='bbox 1035 3289 1101 3338; x_wconf 91' lang='lat' dir='ltr'><strong>alius</strong></span> <span class='ocrx_word' id='word_1_281' title='bbox 1112 3288 1136 3338; x_wconf 88' lang='lat' dir='ltr'><em>L</em></span> 
     </span>
     <span class='ocr_line' id='line_1_33' title="bbox 134 3352 1137 3417; baseline 0.001 -13"><span class='ocrx_word' id='word_1_282' title='bbox 134 3356 220 3404; x_wconf 85' lang='lat' dir='ltr'><strong>abdita</strong></span> <span class='ocrx_word' id='word_1_283' title='bbox 230 3362 256 3404; x_wconf 87' lang='lat' dir='ltr'><strong>et</strong></span> <span class='ocrx_word' id='word_1_284' title='bbox 268 3355 321 3404; x_wconf 88' lang='lat' dir='ltr'><strong>secl.</strong></span> <span class='ocrx_word' id='word_1_285' title='bbox 334 3352 442 3417; x_wconf 77' lang='lat' dir='ltr'><strong>Madvig</strong></span> <span class='ocrx_word' id='word_1_286' title='bbox 527 3369 557 3413; x_wconf 83' lang='lat'><strong>14</strong></span> <span class='ocrx_word' id='word_1_287' title='bbox 575 3354 640 3402; x_wconf 88' lang='lat' dir='ltr'><strong>alios</strong></span> <span class='ocrx_word' id='word_1_288' title='bbox 651 3389 657 3402; x_wconf 93' lang='lat'><strong>.</strong></span> <span class='ocrx_word' id='word_1_289' title='bbox 670 3389 676 3402; x_wconf 93' lang='lat'><strong>.</strong></span> <span class='ocrx_word' id='word_1_290' title='bbox 691 3387 697 3403; x_wconf 89' lang='lat'>.</span> <span class='ocrx_word' id='word_1_291' title='bbox 711 3354 841 3403; x_wconf 84' lang='lat' dir='ltr'><strong>delectant</strong></span> <span class='ocrx_word' id='word_1_292' title='bbox 853 3355 934 3417; x_wconf 68' lang='lat' dir='ltr'><strong>vulgar</strong></span> <span class='ocrx_word' id='word_1_293' title='bbox 952 3354 1018 3402; x_wconf 90' lang='lat' dir='ltr'><strong>alius</strong></span> <span class='ocrx_word' id='word_1_294' title='bbox 1027 3354 1137 3405; x_wconf 85' lang='lat' dir='ltr'><strong>delectat</strong></span> 
     </span>
     <span class='ocr_line' id='line_1_34' title="bbox 133 3417 1136 3483; baseline 0 -15"><span class='ocrx_word' id='word_1_295' title='bbox 133 3419 172 3470; x_wconf 87' lang='lat' dir='ltr'><strong>L:</strong></span> <span class='ocrx_word' id='word_1_296' title='bbox 191 3420 334 3469; x_wconf 85' lang='lat' dir='ltr'><strong>delectatur</strong></span> <span class='ocrx_word' id='word_1_297' title='bbox 343 3420 378 3470; x_wconf 87' lang='lat' dir='ltr'><strong>ed.</strong></span> <span class='ocrx_word' id='word_1_298' title='bbox 392 3419 504 3469; x_wconf 86' lang='lat' dir='ltr'><strong>Non&#39;mh.</strong></span> <span class='ocrx_word' id='word_1_299' title='bbox 597 3434 627 3480; x_wconf 86' lang='lat'><strong>15</strong></span> <span class='ocrx_word' id='word_1_300' title='bbox 643 3419 830 3481; x_wconf 87' lang='lat' dir='ltr'><strong>praescriptum</strong></span> <span class='ocrx_word' id='word_1_301' title='bbox 840 3418 907 3466; x_wconf 81' lang='lat' dir='ltr'><strong>codd.</strong></span> <span class='ocrx_word' id='word_1_302' title='bbox 919 3417 990 3468; x_wconf 75' lang='lat' dir='ltr'><strong>dete:</strong></span> <span class='ocrx_word' id='word_1_303' title='bbox 1008 3421 1136 3483; x_wconf 88' lang='lat' dir='ltr'><strong>perscrip-</strong></span> 
     </span>
     <span class='ocr_line' id='line_1_35' title="bbox 134 3482 1137 3548; baseline -0.001 -14"><span class='ocrx_word' id='word_1_304' title='bbox 134 3494 187 3535; x_wconf 93' lang='lat' dir='ltr'><strong>tum</strong></span> <span class='ocrx_word' id='word_1_305' title='bbox 199 3485 221 3534; x_wconf 91' lang='lat' dir='ltr'><em>L</em></span> <span class='ocrx_word' id='word_1_306' title='bbox 302 3486 334 3533; x_wconf 89' lang='lat'><strong>16</strong></span> <span class='ocrx_word' id='word_1_307' title='bbox 348 3485 462 3546; x_wconf 84' lang='lat' dir='ltr'><strong>quidque</strong></span> <span class='ocrx_word' id='word_1_308' title='bbox 475 3483 539 3533; x_wconf 75' lang='lat' dir='ltr'><strong>Reid</strong></span> <span class='ocrx_word' id='word_1_309' title='bbox 545 3501 551 3534; x_wconf 91' lang='lat'><strong>:</strong></span> <span class='ocrx_word' id='word_1_310' title='bbox 569 3484 689 3548; x_wconf 89' lang='lat' dir='ltr'><strong>quodque</strong></span> <span class='ocrx_word' id='word_1_311' title='bbox 700 3482 741 3532; x_wconf 83' lang='lat' dir='ltr'><strong>L:</strong></span> <span class='ocrx_word' id='word_1_312' title='bbox 757 3499 874 3546; x_wconf 87' lang='lat' dir='ltr'><strong>quaeque</strong></span> <span class='ocrx_word' id='word_1_313' title='bbox 886 3482 1026 3547; x_wconf 81' lang='lat' dir='ltr'><strong>Heerdegen</strong></span> <span class='ocrx_word' id='word_1_314' title='bbox 1105 3501 1137 3546; x_wconf 76' lang='lat'><strong>24</strong></span> 
     </span>
     <span class='ocr_line' id='line_1_36' title="bbox 133 3549 1136 3614; baseline -0.001 -13"><span class='ocrx_word' id='word_1_315' title='bbox 133 3551 301 3613; x_wconf 88' lang='lat' dir='ltr'><strong>scriptionum</strong></span> <span class='ocrx_word' id='word_1_316' title='bbox 312 3550 365 3598; x_wconf 87' lang='lat' dir='ltr'><strong>secl.</strong></span> <span class='ocrx_word' id='word_1_317' title='bbox 375 3549 490 3614; x_wconf 78' lang='lat' dir='ltr'><strong>Saupper</strong></span> <span class='ocrx_word' id='word_1_318' title='bbox 508 3550 724 3614; x_wconf 78' lang='lat' dir='ltr'><strong>lmnspasur&#39;tposl</strong></span> <span class='ocrx_word' id='word_1_319' title='bbox 739 3549 944 3611; x_wconf 84' lang='lat' dir='ltr'><strong>reliquarumque</strong></span> <span class='ocrx_word' id='word_1_320' title='bbox 961 3549 1035 3598; x_wconf 84' lang='lat' dir='ltr'><strong>deleto</strong></span> <span class='ocrx_word' id='word_1_321' title='bbox 1051 3565 1136 3600; x_wconf 89' lang='lat' dir='ltr'><strong>rerum</strong></span> 
     </span>
     <span class='ocr_line' id='line_1_37' title="bbox 133 3613 1118 3682; baseline -0.001 -14"><span class='ocrx_word' id='word_1_322' title='bbox 133 3617 239 3668; x_wconf 79' lang='lat' dir='ltr'><strong>Schenkl</strong></span> <span class='ocrx_word' id='word_1_323' title='bbox 302 3615 438 3666; x_wconf 85' lang='lat' dir='ltr'><strong>reruer</strong></span> <span class='ocrx_word' id='word_1_324' title='bbox 455 3631 543 3666; x_wconf 84' lang='lat' dir='ltr'><strong>earum</strong></span> <span class='ocrx_word' id='word_1_325' title='bbox 555 3615 647 3672; x_wconf 76' lang='lat' dir='ltr'><strong>maluit</strong></span> <span class='ocrx_word' id='word_1_326' title='bbox 653 3613 726 3676; x_wconf 88' lang='lat' dir='ltr'><strong>Jahn</strong></span> <span class='ocrx_word' id='word_1_327' title='bbox 808 3617 841 3666; x_wconf 77' lang='lat'><strong>26</strong></span> <span class='ocrx_word' id='word_1_328' title='bbox 856 3615 918 3679; x_wconf 80' lang='lat' dir='ltr'><strong>quia</strong></span> <span class='ocrx_word' id='word_1_329' title='bbox 928 3615 997 3682; x_wconf 82' lang='lat' dir='ltr'><strong>vulg.</strong></span> <span class='ocrx_word' id='word_1_330' title='bbox 1009 3632 1015 3666; x_wconf 77' lang='lat' dir='ltr'><strong>t</strong></span> <span class='ocrx_word' id='word_1_331' title='bbox 1033 3631 1084 3680; x_wconf 83' lang='lat' dir='ltr'><strong>qua</strong></span> <span class='ocrx_word' id='word_1_332' title='bbox 1095 3617 1118 3667; x_wconf 92' lang='lat' dir='ltr'><em>L</em></span> 
     </span>
    </p>
   </div>
   <div class='ocr_carea' id='block_1_5' title="bbox 0 0 1298 4178">
    <p class='ocr_par' dir='ltr' id='par_1_5' title="bbox 0 0 1298 4178">
     <span class='ocr_line' id='line_1_38' title="bbox 0 0 1298 4178; baseline 0 2"><span class='ocrx_word' id='word_1_333' title='bbox 0 0 1298 4178; x_wconf 95' lang='lat' dir='ltr'><strong> </strong></span> 
     </span>
    </p>
   </div>
  </div>
 </body>
</html>
