2588 4178
565 198 730 258 nnvrvs
1109 212 1149 274 34
1163 222 1211 274 ω)

142 386 202 426 nec
229 364 312 426 rudis
340 364 371 424 in
399 363 461 424 iure
489 363 568 424 civili
595 375 625 424 et
650 384 718 424 cum
743 363 850 423 virtute
874 374 937 423 tum
966 363 1056 424 etiam
1084 364 1150 441 ipso

142 463 287 524 orationis
311 483 420 541 genere
444 461 536 536 liber;
566 461 651 522 cuius
679 461 827 521 orationes
855 461 939 539 pueri
967 462 1149 539 legebamus,

142 581 219 638 quas
239 560 298 620 iam
318 559 445 636 reperire
459 559 506 619 vix
525 578 692 638 possumus.
735 562 836 635 Atque
855 571 884 618 et
903 559 963 618 acri
980 559 1100 635 ingenio
1119 569 1149 618 et
1164 578 1212 625 130

142 677 283 719 sermone
297 657 433 735 eleganti,
443 655 613 717 valetudine
628 655 821 716 incommoda
832 657 865 717 C.
879 656 995 716 Sextius
1006 656 1149 717 Calvinus

113 770 129 819 5
143 755 200 816 fuit
211 778 220 829 ;
240 754 292 831 qui
306 754 369 828 etsi,
386 774 456 814 cum
470 753 643 814 remiserant
657 754 775 814 dolores
789 755 909 830 pedum,
926 773 988 813 non
1002 756 1104 814 deerat
1117 754 1148 813 in

143 853 253 926 causis,
267 863 368 912 tamen
388 851 419 912 id
438 871 500 911 non
520 871 608 928 saepe
626 850 760 910 faciebat.
806 853 912 927 Itaque
931 850 1057 911 consilio
1076 850 1147 922 eius,

142 971 215 1010 curn
232 950 381 1021 volebant,
402 948 540 1008 homines
559 949 728 1020 utebantur,
746 947 922 1024 patrocini0,
941 967 1009 1006 cum
1032 947 1148 1008 licebat.
1183 976 1186 984 ¹

144 1050 249 1108 Isdem
264 1046 449 1125 temporibus
468 1048 510 1104 M.
528 1049 645 1118 Brutus,
663 1042 795 1125 [inquo]
811 1064 952 1121 magnum
972 1044 1035 1118 fuit,
1049 1048 1148 1116 Brute,

143 1148 278 1206 dedecus
315 1143 416 1222 generi
450 1153 555 1214 vestro,
592 1142 652 1218 qui,
689 1162 758 1201 cum
793 1152 876 1201 tanto
914 1141 1036 1201 nomine
1072 1154 1150 1202 esset

97 1275 130 1311 10
143 1255 320 1321 patremque
339 1240 487 1318 optimum
504 1239 599 1299 virum
621 1238 773 1300 habuisset
792 1251 821 1298 et
841 1238 910 1298 iuris
929 1238 1149 1316 peritissimum,

143 1339 367 1400 accusationem
390 1336 572 1409 factitaverit,
596 1348 629 1396 ut
650 1336 777 1396 Athenis
799 1339 959 1414 Lycurgus
1007 1339 1037 1395 Is
1063 1336 1152 1414 magi-

144 1451 254 1499 stratus
268 1459 330 1497 non
345 1436 456 1514 petivit,
473 1438 527 1496 sed
541 1435 596 1496 fuit
610 1447 764 1496 accusator
778 1437 939 1495 vehemens
954 1447 983 1495 et
999 1437 1151 1508 molestus,

144 1549 179 1596 ut
207 1535 293 1595 facile
323 1555 458 1595 cerneres
486 1536 620 1594 naturale
647 1535 802 1611 quoddam
833 1532 931 1610 stirpis
960 1533 1074 1592 bonum
1102 1535 1152 1592 de-

145 1633 332 1712 generavisse
364 1631 436 1692 vitio
471 1635 648 1708 depravatae
682 1630 850 1690 voluntatis,
907 1633 1008 1707 Atque
1043 1631 1151 1691 eodem
1169 1629 1223 1704 ιμ’

101 1755 130 1806 15
146 1743 282 1808 tempore
300 1741 455 1790 accusator
474 1732 512 1789 de
534 1728 622 1805 plebe
642 1732 675 1788 L.
697 1730 882 1789 Caesulenus
901 1727 965 1800 fuit,
986 1748 1076 1804 quem
1095 1748 1152 1804 ego

146 1827 248 1888 audivi
265 1827 324 1887 iam
343 1847 455 1901 senem,
471 1847 541 1886 cum
560 1828 599 1887 ab
614 1829 647 1885 L.
664 1825 794 1886 Sabellio
812 1828 934 1885 multam
953 1828 1017 1902 lege
1032 1825 1152 1902 Aquilia

148 1923 201 2006 [de
215 1921 337 2005 iustitia]
352 1922 511 2001 petivisset.
555 1925 625 1983 Non
640 1922 776 1982 fecissem
794 1921 924 1982 hominis
943 1942 1038 1999 paene
1057 1921 1152 1980 infimi

148 2021 341 2094 mentionem,
360 2020 417 2080 nisi
435 2019 596 2080 iudicarem
616 2020 668 2097 qui
685 2019 876 2097 suspiciosius
894 2032 946 2079 aut
965 2018 1152 2079 criminosius

149 2120 261 2180 diceret
291 2118 439 2178 audivisse
471 2138 519 2177 me
550 2118 709 2178 neminem.
763 2121 878 2178 Doctus
909 2117 998 2177 etiam
1030 2117 1151 2178 Graecis
1166 2132 1204 2189 35

103 2236 135 2272 20
149 2217 185 2274 T.
203 2212 347 2273 Albucius
365 2215 411 2272 vel
429 2212 528 2288 potius
549 2215 637 2290 plane
656 2215 796 2273 Graecus.
841 2215 963 2288 Loquor
978 2222 1010 2270 ut
1027 2211 1134 2288 opinor
1144 2233 1152 2283 3

149 2313 204 2371 sed
230 2309 299 2369 licet
326 2330 362 2369 ex
390 2309 573 2369 orationibus
601 2309 740 2370 iudicare.
798 2309 866 2369 Fuit
896 2321 996 2369 autem
1025 2308 1152 2368 Athenis

149 2410 332 2481 adulescens,
352 2410 499 2484 perfectus
517 2407 674 2486 Epicurius
692 2419 830 2480 evaserat
851 2406 973 2466 minime
990 2416 1093 2482 aptum
1112 2405 1152 2464 ad

149 2506 311 2567 dicendum
325 2525 428 2583 genus.

193 2605 257 2663 Iam
277 2605 315 2678 Q.
335 2605 459 2664 Catulus
481 2623 543 2662 non
564 2603 687 2681 antiquo
708 2603 760 2663 illo
780 2622 869 2675 more,
886 2603 939 2662 sed
959 2602 1017 2660 hoc
1039 2611 1148 2670 nostro,
1167 2621 1214 2670 132

105 2732 137 2779 ²5
152 2700 208 2760 nisi
229 2701 304 2777 quid
325 2700 387 2760 fieri
408 2712 506 2778 potest
525 2700 690 2779 perfectiuS,
710 2701 850 2761 eruditus.
896 2700 1010 2758 Multae
1029 2697 1152 2770 litterae,

186 2870 197 2903 1
215 2850 310 2902 virtute
323 2854 343 2901 L
357 2872 363 2903 ε
379 2856 488 2904 veritate
500 2855 602 2904 Martha
696 2871 712 2916 3
729 2864 805 2918 atque
818 2862 844 2903 et
856 2856 908 2903 acri
920 2851 1057 2902 Frr'rdrr'ch:
1076 2857 1153 2909 atque

151 2921 229 2969 etiam
241 2919 281 2968 L:
298 2929 373 2969 acuto
385 2921 461 2969 etiam
473 2921 585 2982 Kayser:
603 2929 680 2982 atque
692 2921 740 2970 iam
752 2922 846 2970 Prden't
959 2921 975 2966 8
993 2918 1018 2964 in
1030 2932 1082 2977 quo
1098 2916 1152 2964 secl·

149 2987 222 3046 Jahn
338 3002 354 3048 9
371 2987 484 3035 dedecus
502 2986 571 3036 codd.
591 2987 654 3037 dra:
678 3003 762 3050 genus
773 2987 811 3035 L:
836 2987 931 3035 vulnus
948 2983 984 3032 ed.
1000 2983 1090 3030 Rom:
1110 2980 1154 3028 de-

152 3053 231 3100 decus
254 3052 366 3100 inustum
389 3049 534 3100 Lambinus
632 3068 714 3115 11,12
731 3054 895 3115 magistratus
908 3067 960 3099 non
974 3047 1096 3110 petiverit
1107 3045 1154 3092 sed

151 3119 338 3166 accusationem
367 3116 519 3166 factitaverit
543 3118 583 3181 [ut
604 3118 716 3168 Athenis
739 3117 884 3182 Lycurgus]
910 3116 1030 3165 Martha:
1053 3125 1153 3160 accusa·

151 3182 249 3238 tionem
261 3219 267 3231 .
281 3218 287 3231 .
300 3219 307 3232 .
321 3182 343 3230 is
353 3184 405 3230 secl.
416 3183 523 3244 Kayser:
539 3192 583 3234 ut.
598 3220 620 3236 ..
632 3187 753 3234 molestus
764 3186 816 3234 secl.
826 3180 956 3232 Eberhard
1021 3181 1051 3225 16
1065 3175 1154 3224 Sabel-

152 3249 188 3296 lio
198 3251 264 3311 vulg.
274 3266 280 3296 ι
295 3248 398 3296 Sanctis
409 3247 447 3295 L:
464 3248 567 3298 Saufeio
576 3249 679 3298 Martha
747 3266 775 3312 17
788 3249 874 3298 damni
885 3247 978 3296 iniuria
987 3243 1153 3314 Hotomanrr:

152 3314 186 3361 de
197 3313 327 3363 iustitiaL
340 3313 402 3375 (secl.
416 3313 566 3376 Friedn'ch):
584 3353 591 3366 .
608 3351 613 3364 .
627 3352 633 3366 .
646 3317 767 3366 sestertia
779 3315 883 3364 Martha
962 3326 991 3371 19
1009 3309 1035 3356 in
1048 3307 1154 3355 Graeffls

153 3379 245 3426 maluit
255 3377 363 3441 Madvig
459 3395 492 3428 ao
508 3380 632 3431 Albucius
645 3382 730 3445 vulg:
746 3381 891 3430 AlbitiusL
967 3376 1044 3437 plane
1065 3370 1153 3432 V0g‘l2

133 3475 136 3479 ι
152 3459 236 3504 paene
248 3444 271 3491 L
347 3444 449 3504 Loquor
459 3446 526 3508 vulg.
539 3464 545 3495 ι
561 3449 653 3509 loquar
666 3449 687 3496 L
793 3461 825 3507 25
843 3446 893 3494 nisi
905 3443 965 3505 quid
978 3440 1035 3488 fieri
1046 3435 1085 3483 L:
1104 3435 1154 3482 nisi

152 3511 222 3571 quod
234 3508 328 3571 aliquid
341 3509 396 3558 fieri
408 3509 525 3559 Martha:
544 3515 585 3561 vel
597 3515 617 3561 si
631 3514 691 3575 quid
704 3513 759 3563 fieri
772 3510 903 3561 Eberhard
967 3504 1083 3568 perfecte
1096 3515 1152 3548 eru-

151 3576 221 3624 ditus
233 3575 254 3624 I.
267 3573 385 3623 Muelar:
403 3577 519 3626 eruditus
531 3580 613 3643 vulga:
629 3581 755 3628 eruditius
766 3577 789 3626 L
