2588 4178
134 179 239 252 76263
457 182 500 240 M.
530 182 656 240 avim
685 179 919 243 crcaxorus

189 352 255 410 Has
269 349 318 411 ille
333 361 438 411 tenens
453 361 483 411 et
497 362 616 428 paratus
630 353 669 412 ad
687 371 790 411 causas
805 349 936 421 veniens,
952 347 1111 407 verborum
1126 363 1188 404 non

188 467 285 525 egens,
302 449 367 526 ipsa
386 448 436 508 illa
457 449 679 526 comparatione
700 447 918 526 disciplinaque
939 444 1060 506 dicendi
1081 441 1189 502 iamin

127 552 174 614 ²⁶4
188 557 379 622 patronorum
394 566 552 605 numerum
566 556 746 623 pervenerat.
790 547 862 605 Erat
876 543 966 604 etiam
979 541 1023 601 vir
1036 544 1144 602 doctus
1159 539 1190 597 in

188 642 289 718 primis
309 644 343 704 C.
360 642 500 702 Visellius
516 645 619 716 Varro,
640 642 837 703 consobrinus
859 661 951 714 meus,
972 638 1024 717 qui
1043 638 1099 698 fuit
1120 657 1191 696 cum

189 739 300 800 Sicinio
314 750 410 800 aetate
425 740 611 800 coniunctus.
642 743 684 816 Is,
693 761 762 801 cum
778 751 846 817 post
860 740 994 799 curulem
1007 735 1190 822 aedilitatem
1206 751 1219 798 5

189 836 279 897 iudex
299 837 481 914 quaestionis
503 848 588 911 esset,
612 849 658 898 est
680 850 835 910 mortuus3
862 836 893 894 in
914 855 976 913 quo
996 836 1090 893 fateor
1111 830 1192 908 vulgi

189 934 332 994 iudicium
347 955 365 994 a
378 934 490 995 iudicio
507 955 576 995 meo
592 935 776 996 dissensisse.
820 937 899 994 Nam
917 934 1030 1010 populo
1048 951 1110 990 non
1129 939 1192 989 erat

188 1032 259 1091 satis
273 1031 451 1092 vendibilis:
476 1052 618 1110 praeceps
633 1035 781 1109 quaedam
802 1042 831 1091 et
853 1051 923 1091 cum
937 1029 1049 1090 idcirco
1064 1029 1193 1088 obscura

189 1129 259 1206 quia
277 1141 424 1206 peracuta,
441 1141 504 1189 tum
524 1131 627 1208 rapida
644 1142 674 1190 et
691 1129 840 1190 celeritate
860 1139 980 1189 caecata
999 1125 1114 1200 oratio,
1138 1127 1192 1185 sed

189 1247 288 1303 neque
304 1225 400 1286 verbis
420 1227 564 1304 aptiorem
586 1227 646 1288 cito
667 1227 758 1286 alium
776 1225 901 1287 dixerim
922 1245 1021 1301 neque
1038 1221 1193 1283 sententiis
1209 1243 1239 1277 10

189 1323 375 1384 crebriorem.
420 1327 574 1385 Praeterea
598 1326 746 1402 perfectus
767 1324 798 1383 in
820 1323 923 1383 litteris
945 1321 1076 1400 iurisque
1098 1319 1193 1380 civilis

129 1431 177 1495 265
190 1420 248 1479 iam
264 1441 282 1479 a
295 1432 377 1498 patre
392 1424 547 1481 Aculeone
562 1421 699 1481 traditam
717 1421 813 1481 tenuit
828 1419 1025 1497 disciplinam.
1071 1417 1194 1495 Reliqui

191 1529 267 1590 sunt,
284 1518 336 1595 qui
353 1517 461 1577 mortui
481 1519 548 1591 sint,
565 1521 597 1578 L.
615 1523 794 1597 Torquatus,
810 1538 901 1595 quem
921 1528 953 1576 tu
971 1537 1033 1576 non
1052 1527 1113 1574 tarn
1133 1514 1194 1574 cito

190 1618 339 1676 rhetorem
360 1615 491 1688 dixisses,
513 1616 568 1677 etsi
587 1637 649 1677 non
670 1619 771 1676 deerat
793 1615 895 1689 oratio,
915 1635 1014 1692 quam,
1035 1624 1068 1672 ut
1086 1611 1194 1673 Graeci

191 1712 303 1786 dicunt,
327 1716 479 1774 πολιτικόν.
523 1716 617 1773 Erant
641 1714 672 1773 in
697 1734 734 1775 eo
759 1713 904 1792 plurimae
926 1712 1040 1771 litterae
1062 1731 1119 1771 nee
1132 1730 1193 1778 ¹eae
1210 1735 1219 1769 r
1226 1735 1239 1784 5

191 1813 332 1887 vulgares,
352 1813 405 1870 sed
426 1811 578 1871 interiores
597 1812 744 1887 quaedam
767 1822 796 1870 et
817 1810 996 1880 reconditae,
1013 1808 1114 1868 divina
1135 1827 1195 1867 me-

192 1906 293 1978 moria,
318 1927 435 1967 summa
456 1896 613 1968 verborum
639 1919 669 1967 et
692 1907 817 1985 gravitas
846 1918 876 1967 et
903 1905 1049 1983 elegantia
1061 1927 1070 1979 3
1090 1916 1194 1982 ⁴atque

191 2006 266 2064 haec
280 2005 382 2064 omnia
394 2005 471 2066 vitae
489 2007 650 2066 decorabat
668 2005 794 2082 gravitas
811 2017 841 2064 et
860 2003 1019 2081 integritas·
1063 2005 1118 2062 Me
1132 2002 1196 2080 qui·

192 2103 262 2162 dem
281 2104 446 2162 admodum
468 2103 636 2163 delectabat
653 2102 743 2162 etiam
757 2101 852 2161 Triari
873 2101 904 2160 in
925 2101 975 2161 illa
991 2111 1088 2160 aetate
1105 2102 1195 2178 plena

192 2198 336 2259 litteratae
364 2200 525 2261 senectutis
552 2199 654 2259 orati0.
713 2201 834 2275 Quanta
864 2197 1003 2259 severitas
1030 2197 1062 2257 in
1090 2200 1174 2256 vultu
1189 2201 1194 2256 l
1211 2217 1242 2251 ιο

194 2308 339 2373 quantum
358 2299 477 2375 pondus
498 2297 529 2357 in
549 2297 663 2357 verbis!
691 2317 781 2374 quam
803 2296 877 2355 nihil
896 2316 958 2355 non
973 2295 1195 2360 consideratum

132 2403 182 2455 266
195 2394 350 2454 exibatex
370 2399 440 2454 ore!
482 2398 561 2454 Tum
583 2398 691 2455 Brutus
708 2393 853 2472 Torquati
875 2405 904 2454 et
925 2392 1020 2452 Triari
1042 2392 1196 2453 mentione

194 2503 564 2570 commotus—utrumque
585 2492 665 2553 enim
687 2512 789 2553 eorum
814 2492 979 2551 admodum
1003 2489 1195 2550 dilexerat-z

194 2591 242 2649 Ne
256 2609 320 2666 eg0,
337 2588 444 2667 inquit,
457 2601 490 2648 ut
505 2589 641 2649 omittam
659 2601 756 2649 cetera
775 2608 852 2666 quae
869 2599 938 2647 sunt
957 2586 1193 2658 innumerabilia,

194 2688 233 2746 de
256 2685 318 2745 istis
342 2687 462 2747 duobus
484 2707 553 2746 cum
576 2687 683 2763 cogit0,
707 2687 796 2746 doleo
816 2685 891 2744 nihil
916 2695 998 2744 tuam
1020 2695 1195 2762 perpetuam
1211 2707 1241 2758 ²5

194 2783 399 2844 auctoritatem
422 2784 460 2843 de
480 2803 554 2860 pace
568 2783 713 2843 valuisse!
755 2784 835 2843 Nam
858 2803 914 2842 nec
931 2781 1004 2841 istos
1025 2781 1196 2841 excellentis

194 2881 272 2941 viros
293 2902 349 2942 nec
371 2883 479 2940 multos
501 2881 575 2941 alios
596 2880 771 2959 praestantis
796 2879 868 2939 civis
890 2899 935 2939 res
957 2878 1077 2955 publica
1101 2878 1197 2956 perdi-

195 2983 295 3044 disset.
339 2981 491 3050 SileamuS,
518 2978 651 3056 inquam,
677 2981 776 3051 Brute,
805 2979 844 3036 de
872 2975 943 3048 istis,
969 2997 1007 3035 ne
1035 2996 1197 3052 augeamus

195 3083 338 3142 dolorem.
382 3080 461 3138 Nam
483 3088 512 3137 et
533 3075 756 3152 praeteritorum
781 3073 947 3135 recordatio
970 3084 1014 3133 est
1036 3074 1143 3132 acerba
1166 3085 1196 3134 et

196 3178 329 3239 acerbior
348 3174 528 3253 exspectatio
546 3173 735 3251 reliquorum.
779 3174 886 3249 Itaque
906 3171 1077 3230 omittamus
1095 3173 1195 3247 lugere
1209 3189 1242 3238 30

229 3348 244 3394 5
262 3332 419 3380 aedilitatem
431 3329 456 3377 F
455 3329 518 3379 062
536 3329 687 3389 dignitatem
701 3328 722 3376 C
786 3343 802 3388 9
821 3327 908 3387 rapida
917 3325 967 3388 [et]
978 3324 1072 3373 Schtltz
1083 3341 1088 3372 r
1101 3325 1198 3384 rapidi·

197 3405 250 3446 tate
269 3405 294 3445 et
313 3396 446 3443 Dedm'ch:
472 3394 609 3454 rapiditate
628 3393 666 3456 [et
684 3392 829 3455 celeritate]
848 3391 995 3439 Eberhard:
1022 3407 1039 3439 r.
1054 3391 1157 3449 linguae
1176 3405 1197 3438 c.

201 3461 328 3510 Wa'dmr:
354 3477 385 3509 ea
405 3462 461 3521 ipsa
481 3475 502 3507 c.
517 3459 621 3506 Martha
780 3458 809 3505 18
826 3458 940 3518 gravitas
961 3456 997 3504 C:
1021 3455 1132 3515 dignitas
1144 3453 1197 3502 1³¹:

197 3527 328 3588 granditas
347 3527 376 3590 (l.
391 3526 438 3587 η)
458 3561 464 3574 .
492 3558 498 3572 .
517 3560 523 3574 .
546 3524 657 3583 gravitas
681 3522 772 3572 Orelli:
797 3523 910 3584 gravitas
930 3559 935 3570 .
957 3557 962 3571 .
984 3555 991 3571 .
1013 3521 1117 3568 castitas
1137 3519 1198 3570 coni.

196 3592 290 3656 Stangl
386 3590 418 3639 28
436 3605 484 3639 nec
495 3603 632 3650 augeamus
646 3586 693 3637 OG
