2588 4178
521 230 686 294 BRVTVS
1060 235 1106 296 66
1122 259 1170 311 ²³5

103 395 223 455 locum:
251 394 294 456 sic
320 397 466 457 Lentulus
493 407 658 458 ceterarum
680 397 821 459 virtutum
851 398 972 462 dicendi
998 401 1110 464 medio
1124 425 1173 478 ²3⁵

103 491 239 553 critatem
266 492 385 554 actione
412 494 581 570 occultavit,
610 495 642 577 in
669 516 730 574 qua
757 500 904 559 excellens
931 498 995 559 luit.
1042 502 1109 562 Nec

104 591 201 651 multo
221 611 308 652 secus
331 592 363 652 P.
383 593 538 666 Lentulus,
554 592 639 654 cuius
660 606 690 656 et
706 594 896 674 excogitandi
916 607 947 657 et
964 597 1108 676 loquendi

103 687 274 749 tarditatem
295 690 415 768 tegebat
434 691 547 751 formae
567 690 704 770 dignitas,
724 692 856 772 corporis
872 706 980 760 motus
1001 697 1108 774 plenus

73 795 135 850 set
155 785 226 846 artis
246 798 277 847 et
292 787 463 861 venustatis,
479 787 561 849 vocis
582 801 612 850 et
633 790 761 850 suavitas
782 802 813 851 et
831 791 1014 870 magnitudo.
1058 793 1107 854 Sic

103 882 136 944 in
161 884 220 945 hoc
247 871 322 945 nihil
346 896 462 963 praeter
487 883 638 947 actionem
665 886 728 961 tuit,
754 898 853 948 cetera
877 888 966 950 etiam
992 890 1108 952 minora

103 1002 195 1060 quam
220 981 251 1042 in
275 982 434 1061 superiore.
479 985 522 1044 M.
546 983 617 1046 Piso
642 984 790 1064 quidquid
812 987 924 1060 habuit,
945 989 1050 1048 habuit
1071 1010 1107 1050 ex
1120 962 1163 1038 67

103 1079 262 1158 disciplina
279 1081 467 1159 maximeque
481 1101 517 1142 ex
527 1081 675 1156 omnibus,
692 1082 744 1160 qui
758 1095 828 1145 ante
842 1086 969 1158 fuerunt,
985 1086 1107 1148 Graecis
1122 1053 1170 1117 ²³⁶

103 1177 247 1238 doctrinis
269 1177 402 1240 eruditus
426 1177 489 1240 suit
534 1178 652 1240 Habuit
672 1201 691 1241 a
711 1192 816 1242 natura
837 1202 931 1260 genus
952 1185 1107 1260 quoddam
1214 1176 1215 1180 ¹

59 1302 91 1338 ro
103 1275 260 1354 acuminis,
280 1280 363 1356 quod
388 1277 478 1339 etiam
499 1289 562 1339 arte
585 1276 744 1352 limaverat,
768 1282 852 1358 quod
874 1293 936 1341 erat
959 1280 990 1340 in
1013 1302 1108 1361 repre·

104 1374 272 1438 hendendis
298 1375 396 1437 verbis
424 1387 576 1437 versutum
604 1389 635 1438 et
662 1379 773 1452 sollers,
800 1379 853 1438 sed
882 1398 971 1456 saepe
999 1390 1107 1441 stoma·

104 1475 238 1547 chosum,
257 1493 320 1534 non
338 1493 505 1551 numquam
524 1473 671 1552 frigidum,
687 1474 838 1537 interdum
857 1475 947 1537 etiam
966 1478 1117 1539 facetum.¹

105 1571 136 1631 Is
150 1571 283 1633 laborem
299 1568 397 1652 [quasi
410 1568 543 1653 cursum]
557 1574 707 1633 forensem
721 1573 834 1634 diutius
852 1594 915 1634 non
932 1574 1007 1648 tulit,
1023 1577 1106 1652 quod

103 1680 133 1753 et
152 1689 276 1748 corpore
297 1680 360 1729 erat
382 1668 500 1731 infirmo
521 1680 551 1730 et
572 1669 728 1730 hominum
750 1670 877 1750 ineptias
901 1692 937 1733 ac
958 1671 1105 1746 stultitias,

59 1786 181 1846 15quae
205 1767 395 1828 devorandae
422 1766 511 1828 nobis
540 1778 619 1841 sunt,
644 1787 707 1828 non
734 1770 848 1830 ferebat
875 1769 1107 1848 iracundiusque

103 1864 262 1943 respuebat
278 1864 340 1926 sive
358 1885 485 1939 morose,
501 1876 534 1925 ut
548 1867 715 1944 putabatur,
731 1867 793 1928 sive
808 1866 939 1946 ingenuo
952 1866 1106 1946 liberoque

102 1963 230 2024 fastidio.
275 1964 306 2023 Is
328 1984 397 2024 cum
422 1963 493 2023 satis
515 1962 662 2025 floruisset
680 1966 864 2038 adulescens,
886 1964 984 2026 minor
1004 1965 1107 2026 haberi

103 2073 148 2122 est
169 2072 293 2139 coeptus
313 2073 425 2140 postea
470 2060 590 2121 Deinde
611 2081 648 2121 ex
666 2061 812 2140 virginum
834 2062 945 2124 iudicio
966 2083 1105 2141 magnam

102 2161 223 2220 laudem
247 2170 293 2220 est
313 2160 440 2238 adeptus
464 2170 553 2220 etex
575 2179 612 2220 eo
635 2171 769 2237 ternpore
792 2160 877 2237 quasi
898 2172 1053 2223 revocatus
1074 2159 1106 2220 in

57 2276 223 2324 recursum
245 2256 341 2318 tenuit
357 2259 457 2317 locum
476 2268 537 2317 tam
559 2255 611 2318 diu
636 2277 726 2335 quam
745 2259 819 2318 ferre
838 2257 936 2336 potuit
954 2259 1087 2319 laborem
1097 2279 1106 2334 3

103 2367 208 2434 postea
222 2366 367 2433 quantum
381 2354 507 2415 detraxit
526 2376 562 2417 ex
581 2355 681 2417 studio
696 2366 812 2415 tantum
830 2355 930 2416 amisit
946 2377 984 2417 ex
1003 2355 1104 2433 gloria.

103 2455 136 2513 P.
166 2455 295 2514 Murena
324 2451 468 2512 mediocri
498 2452 627 2532 ingenio,
657 2455 711 2513 sed
738 2473 848 2531 magno
880 2453 980 2514 studio
1007 2473 1105 2514 rerum
1120 2467 1166 2523 237

102 2563 243 2625 veterum,
263 2550 426 2612 litterarum
448 2563 478 2612 et
502 2550 653 2613 studiosus
676 2564 706 2612 et
728 2571 790 2611 non
812 2549 974 2628 imperitus,
993 2552 1106 2613 multae

102 2648 265 2710 industriae
289 2660 319 2710 et
343 2649 444 2727 magni
470 2649 580 2710 laboris
607 2649 670 2709 fuit.
715 2650 749 2710 C.
774 2648 957 2710 Censorinus
983 2648 1105 2709 Graecis

58 2781 87 2827 ²5
102 2747 206 2809 litteris
230 2747 301 2808 satis
325 2749 440 2822 doctus,
462 2749 544 2825 quod
568 2759 763 2826 proposuerat
785 2746 935 2823 explicans
958 2746 1103 2825 expedite,

102 2864 164 2905 non
182 2845 356 2906 invenustus
374 2857 465 2919 actor,
480 2846 535 2906 sed
553 2844 632 2905 iners
645 2855 675 2904 et
689 2843 827 2904 inimicus
841 2842 904 2904 fori.
949 2844 982 2901 L.
995 2840 1105 2902 Turius

31 2937 33 2940 ⁴
102 2961 194 3020 parvo
215 2941 341 3020 ,ingenio
369 2945 422 3004 sed
451 2945 546 3005 multo
573 2944 683 3015 labore,
708 2960 832 3020 quoquo
860 2941 953 3002 modo
978 2951 1102 3017 poterat,

102 3060 191 3118 saepe
212 3039 350 3115 dicebat3
379 3040 480 3118 itaque
500 3040 528 3102 ei
549 3061 662 3120 paucae
684 3039 834 3101 centuriae
855 3041 894 3099 ad
915 3041 1104 3099 consulatum

93 3140 269 3199 defuerunt.
316 3141 350 3201 C.
376 3141 480 3199 Macer
506 3137 681 3199 auctoritate
709 3157 827 3215 semper
853 3136 942 3213 eguit,
967 3134 1104 3219 sedxfuit
1118 3149 1167 3208 ²38

56 3264 88 3313 30
102 3248 245 3315 patronus
269 3238 488 3316 propemodum
511 3235 762 3314 diligentissimus.
810 3233 911 3295 Huius
939 3233 964 3294 si
986 3233 1054 3306 vita,
1080 3232 1104 3293 si

135 3408 150 3440 a
168 3393 195 3440 in
206 3408 257 3454 qua
268 3392 399 3441 excellens
410 3391 457 3440 suit
468 3391 520 3441 secl.
533 3389 648 3439 Wramr
710 3405 725 3452 5
743 3389 779 3438 sic
788 3388 826 3437 L:
844 3389 889 3438 sed
899 3387 977 3437 oreta
983 3405 990 3436 s
1006 3387 1104 3436 seilicet

22 3493 24 3497 .
101 3457 197 3522 Stangl
211 3460 258 3520 qur·
272 3463 294 3506 et
310 3459 362 3506 sacl.
375 3458 475 3513 scilicet
485 3492 491 3505 .
503 3492 510 3506 .
524 3493 531 3506 .
546 3457 680 3519 superiore
782 3469 812 3515 13
829 3455 904 3517 quasi
923 3467 1028 3502 cursum
1047 3455 1101 3502 secl.

99 3524 173 3584 Jalm
273 3538 301 3584 17
320 3524 342 3571 is
353 3523 389 3572 L:
406 3524 492 3584 itaque
503 3521 613 3584 Kayser:
630 3522 708 3583 igitur
719 3519 815 3584 Stangl
921 3519 954 3567 aa
971 3533 1050 3581 saepe
1062 3517 1101 3566 L:

102 3597 129 3639 et
140 3603 219 3652 saepe
230 3587 317 3638 aaa:
333 3603 463 3652 saepeque
473 3587 567 3653 Stangl
