2588 4178
127 200 210 268 ομ,
440 196 485 254 Μ.
513 196 641 262 avum
670 195 903 259 crcaaorus

131 362 161 422 ⁸⁵
177 359 309 439 itemque
323 360 346 421 si
361 381 442 440 quae.
449 363 606 424 verborum
620 363 789 426 iterationes
803 362 1029 426 contentionem
1042 362 1174 442 aliquam

176 470 206 520 et
219 462 378 521 clamorem
397 459 555 538 requirent,
571 474 657 523 erunt
669 462 709 523 ab
728 461 1014 523 hac-summissione
1032 463 1175 524 orationis

175 557 289 618 alienae
301 579 310 633 3
344 568 448 618 ceterrs
484 557 654 637 promiscue
688 558 796 637 poterit
831 559 882 634 uti,
917 558 1175 622 continuationem

175 656 333 715 verborum
358 657 451 718 modo
471 657 579 718 relaxet
600 668 630 716 et
651 655 765 717 dividat
786 668 945 735 utaturque
964 658 1063 720 verbis
1084 677 1176 736 quarn

177 752 381 826 usitatissimis,
404 752 647 816 trurslationibus
669 774 761 831 quam
784 753 965 815 mollissimis
977 777 985 831 ;
1013 755 1104 816 etiam
1126 756 1205 825 illas

176 850 388 911 sententiarum
407 849 520 911 lumina
537 853 684 924 adsumet,
700 872 776 930 quae
797 872 859 912 non
880 864 967 913 crunt
983 855 1177 915 vehementer

176 947 317 1007 inlustria
360 949 431 1008 Non
452 949 540 1009 faciet
558 969 621 1009 rem
642 949 793 1027 publicam
812 952 987 1028 loquentem
1004 971 1061 1012 nec
1076 952 1117 1013 ab
1133 951 1177 1011 in-

175 1044 243 1104 feris
258 1057 390 1105 mortuos
407 1045 547 1107 excitabit
560 1066 616 1107 nec
629 1047 789 1107 acervatim
803 1050 898 1107 multa
910 1049 1102 1126 frequentans
1115 1067 1177 1107 una

176 1141 383 1218 complexione
396 1143 553 1204 devinciet.
589 1145 793 1205 Valentiomm
808 1146 883 1206 haec
896 1147 1021 1207 laterum
1035 1155 1105 1205 sunt
1119 1165 1177 1205 nec

176 1239 215 1299 ab
230 1241 296 1313 hoc,
312 1260 402 1317 quem
416 1239 619 1316 informamus,
634 1254 686 1302 aut
699 1244 899 1320 exspectanda
912 1254 964 1303 aut
978 1244 1177 1320 postulanda3
1192 1266 1222 1302 to

132 1341 165 1392 86
177 1337 232 1399 erit
249 1337 327 1397 enim
346 1350 379 1398 ut
393 1359 466 1399 voce
485 1339 527 1400 sic
545 1339 634 1399 etiam
655 1340 788 1400 oratione
806 1339 999 1418 suppression
1041 1341 1102 1401 Sed
1116 1340 1177 1418 ple-

177 1451 268 1509 raque
289 1425 325 1491 ex'
345 1429 402 1492 illis
423 1432 602 1493 convenient
623 1433 711 1493 etiam
736 1433 807 1494 huic
829 1433 974 1506 tenuitati,
992 1452 1176 1510 quamquam

176 1529 271 1589 isdem
291 1529 472 1590 ornamentis
491 1541 589 1590 utetur
602 1530 768 1605 horridius;
788 1534 878 1592 talem
897 1529 978 1591 enim
995 1529 1175 1591 inducimus.

178 1629 311 1686 Accedet
329 1627 409 1687 actio
431 1648 493 1688 non
515 1628 625 1704 tragica
645 1649 701 1689 nec
721 1648 857 1702 scaenae,
874 1630 928 1689 sed
949 1627 1070 1688 modica
1089 1627 1178 1689 iacta·

177 1723 258 1784 tione
273 1725 413 1804 corporis,
427 1727 510 1785 vultu
524 1737 624 1786 tamen
644 1729 737 1786 multa
753 1725 915 1787 conficiens
924 1748 934 1802 3
954 1745 1017 1786 non
1036 1728 1095 1786 hoc
1114 1746 1176 1803 quo
1192 1750 1222 1802 ¹5

177 1820 317 1881 dicuntur
340 1842 374 1881 os
398 1825 518 1898 ducere,
538 1825 592 1883 sed
616 1823 667 1882 illo
691 1843 753 1900 quo
775 1822 942 1902 significant
963 1821 1093 1902 ingenue
1115 1843 1177 1900 quo

178 1938 267 1978 sensu
288 1919 422 1997 quidque
442 1920 643 1998 pronuntient.

122 1985 166 2043 ²⁶
222 2016 304 2076 Huic
328 2018 428 2094 generi
455 2017 597 2078 orationis
623 2024 815 2095 aspergentur
841 2017 931 2078 etiam
960 2019 1043 2091 sales,
1070 2022 1122 2096 qui
1146 2017 1178 2078 in

133 2077 166 2142 ⁸⁷
179 2114 309 2175 dicendo
324 2115 449 2175 nimium
464 2127 608 2193 quantum
623 2117 740 2189 valent;
758 2135 886 2192 quorum
900 2117 962 2176 duo
976 2135 1084 2192 genera
1097 2128 1179 2192 sunt,

179 2231 271 2272 unum
303 2213 483 2287 facetiarum,
514 2216 639 2273 alterum
674 2212 846 2273 dicacitatis.
889 2215 997 2273 Vtetur
1030 2225 1158 2291 utroque
1170 2235 1178 2288 3
1192 2236 1225 2272 ao

177 2312 231 2370 sed
251 2312 344 2370 altero
368 2310 398 2369 in
420 2308 702 2388 narrando'aliquid
722 2322 854 2384 venuste,
874 2312 968 2370 altero
988 2309 1019 2369 in
1040 2310 1179 2371 iaciendo

178 2407 385 2484 mittendoque
408 2408 541 2484 ridiculo,
562 2407 647 2468 cuius
671 2427 779 2485 genera
803 2410 888 2485 plura
910 2418 999 2482 sunt;
1022 2409 1076 2468 sed
1098 2428 1179 2468 nunc

134 2516 166 2565 88
178 2503 259 2564 aliud
272 2505 395 2582 agimus.
439 2507 519 2565 lllud
533 2507 731 2565 admonemus
745 2516 845 2565 tamen
860 2503 985 2564 ridiculo
1000 2503 1042 2564 sic
1056 2525 1178 2565 usurum

178 2614 323 2662 oratorem
344 2615 375 2663 ut
393 2623 449 2664 nec
466 2602 555 2663 nimis
571 2602 718 2680 frequenti
739 2623 778 2663 ne
794 2602 915 2663 scurrile
932 2602 977 2675 sit,
993 2622 1050 2663 nec
1071 2603 1182 2663 subob

179 2719 269 2759 sceno
297 2720 336 2760 ne
361 2699 523 2773 mimicum,
546 2720 602 2760 nec
626 2700 770 2778 petulanti
798 2721 838 2761 ne
861 2699 1041 2777 improbum,
1067 2719 1124 2760 nec
1148 2700 1225 2771 inas

178 2797 376 2858 calamitatem
398 2818 436 2858 ne
452 2797 663 2872 inhumanum,
678 2818 734 2858 nec
755 2797 786 2857 in
805 2797 919 2858 facinus
941 2817 979 2857 ne
996 2796 1058 2857 odii
1079 2799 1180 2857 locum

179 2893 253 2953 risus
269 2907 406 2973 occupet,
421 2915 519 2973 neque
537 2907 588 2955 aut
607 2915 661 2955 sua
679 2915 806 2973 persona
821 2907 873 2956 aut
887 2894 1020 2955 iudicum
1039 2906 1091 2954 aut
1108 2906 1181 2956 tem-

179 3012 251 3070 pore
269 2993 408 3053 alienum.
453 2996 539 3053 Haec
561 2993 640 3053 enim
661 2995 701 3053 ad
718 2994 793 3053 illud
811 2993 986 3053 indecorum
1005 2993 1179 3052 refemntur.

134 3099 167 3162 89
181 3089 294 3149 Vitabit
318 3090 407 3149 etiarn
435 3090 569 3167 quaesita
596 3111 652 3150 nec
680 3111 716 3150 ex
744 3103 878 3168 tempore
905 3091 981 3160 ficta,
1008 3090 1062 3155 sed
1086 3089 1181 3149 domo

178 3189 284 3260 adlata,
300 3207 377 3264 quae
395 3190 571 3266 plemmque
589 3199 658 3248 sunt
672 3187 784 3265 frigida
828 3190 933 3247 Parcet
947 3197 977 3246 et
992 3185 1131 3246 amicitiis
1150 3200 1180 3248 et
1193 3212 1227 3262 30

178 3284 381 3359 dignitatibus,
403 3285 507 3345 vitabit
527 3284 699 3345 insanabilis
721 3283 926 3358 contumelias,
948 3294 1064 3343 tantum
1086 3285 1181 3346 modo

211 3443 228 3488 6
245 3440 362 3489 adsumet
382 3437 541 3488 Lambinus:
564 3438 682 3488 adsumat
701 3436 724 3485 Ι.
841 3453 871 3499 ¹4
894 3438 1001 3487 accedet
1022 3438 1182 3489 Lambinus:

179 3505 278 3554 accedit
288 3506 310 3553 Ι,
402 3521 432 3567 19
449 3505 553 3553 nimium
565 3503 606 3554 L:
624 3506 715 3553 mirum
722 3502 808 3552 Aldus
894 3517 927 3565 25
944 3503 1072 3553 mimicum
1080 3504 1183 3564 Nuntius

180 3570 257 3618 ctIuI.
273 3569 368 3620 Victor:
385 3570 512 3619 inimicum
526 3569 548 3618 L
