2588 4178
513 186 678 248 BRVTVS
1056 189 1100 263 64
1115 213 1162 266 ²²9

96 352 244 414 aedilibus
269 354 309 414 ait
334 375 365 416 se
391 366 420 415 et
445 355 608 415 Pacuvium
632 356 770 416 docuisse
795 357 935 430 fabulam,
959 377 1028 417 cum
1050 357 1099 418 ille

96 451 258 529 octoginta,
270 451 333 529 ipse
344 451 459 531 triginta
472 473 568 513 annos
579 465 666 514 natus
678 466 755 514 esset
767 477 772 513 :
794 455 836 514 sic
849 455 1029 516 Hortensius
1038 476 1100 515 non
1115 475 1162 523 230

96 568 167 608 cum
182 549 243 609 suis
257 550 432 627 aequalibus
452 553 549 612 solum
569 553 623 611 sed
644 563 674 611 et
696 572 763 612 mea
779 573 848 612 cum
870 563 967 612 aetate
981 564 1010 614 et
1029 573 1099 613 cum

96 658 157 720 tua,
188 649 286 720 Brute,
317 658 347 708 et
375 669 444 708 cum
475 649 629 727 aliquanto
662 650 813 726 superiore
848 649 1047 727 coniungitur,
1075 651 1098 710 si

68 743 221 820 squidem
243 757 272 805 et
288 746 397 807 Crasso
417 746 485 806 vivo
506 747 606 807 dicere
627 749 743 809 solebat
764 759 793 808 et
816 747 908 825 magis
929 748 987 807 iam
1009 748 1099 808 etiam

96 841 217 918 vigebat
231 863 299 902 cum
315 843 450 903 Antonio
464 856 494 904 et
509 844 648 924 Philippo
663 845 722 905 iam
738 866 809 906 sene
828 866 882 923 pro
901 848 956 907 Cn.
973 846 1100 924 Pompei

97 940 187 1000 bonis
208 939 327 1002 dicente
341 941 372 1000 in
387 942 437 1001 illa
457 962 554 1015 causa,
571 945 748 1004 adulescens
768 964 837 1003 cum
860 955 944 1016 esset,
962 943 1100 1021 princeps

96 1037 153 1097 fuit
174 1051 205 1099 et
226 1038 257 1097 in
280 1059 394 1115 eorum,
414 1061 490 1117 quos
511 1041 542 1100 in
567 1041 680 1119 Sulpici
704 1052 801 1102 aetate
822 1041 920 1119 posui,
941 1061 1100 1102 numerum

98 1136 185 1196 facile
207 1150 382 1214 pervenerat
406 1150 436 1198 et
463 1158 533 1199 suos
561 1138 637 1199 inter
661 1139 794 1216 aequalis
820 1142 863 1199 M.
889 1138 1030 1199 Pisonem
1055 1141 1098 1198 M.

54 1259 84 1293 ιο
99 1234 240 1294 Crassum
269 1236 325 1296 Cn.
351 1237 513 1296 Lentulum
536 1239 567 1296 P.
592 1239 753 1297 Lentulum
776 1241 881 1297 Suram
907 1238 995 1312 longe
1020 1256 1101 1312 prae-

99 1330 173 1390 stitit
187 1342 216 1391 et
231 1352 280 1392 me
294 1333 517 1394 adulescentem
533 1345 637 1393 nactus
652 1345 722 1394 octo
737 1334 823 1393 annis
843 1333 990 1395 minorem
1008 1353 1100 1410 quam

99 1440 161 1488 erat
183 1429 246 1506 ipse
269 1432 380 1491 multos
402 1451 498 1490 annos
520 1430 551 1490 in
573 1432 674 1492 studio
695 1431 830 1492 eiusdem
853 1431 949 1491 laudis
971 1430 1101 1491 exercuit

99 1538 128 1586 et
151 1538 250 1586 tecum
273 1526 369 1600 simul,
396 1527 472 1587 sicut
496 1549 552 1605 ego
574 1549 629 1606 pro
652 1529 761 1600 multis,
783 1529 825 1588 sic
848 1528 898 1589 ille
920 1548 975 1605 pro
999 1527 1101 1606 Appio
1114 1567 1155 1638 65

101 1624 229 1685 Claudio
250 1624 324 1683 dixit
346 1629 436 1702 paulo
458 1637 528 1686 ante
551 1640 685 1686 mortem.
730 1626 823 1687 Vides
844 1625 931 1704 igitur
953 1637 986 1685 ut
1010 1627 1050 1685 ad
1071 1637 1101 1685 te
1116 1670 1161 1719 ²31

56 1734 256 1795 moratorem,
281 1726 380 1795 Brute,
407 1724 629 1802 pervenerimus
657 1735 717 1783 tam
742 1724 842 1783 multis
867 1724 943 1784 inter
965 1735 1100 1784 nostrum

100 1830 245 1896 tuumque
260 1819 376 1880 initium
393 1821 515 1882 dicendi
529 1821 709 1899 interpositis
724 1821 909 1895 oratoribus;
930 1843 966 1882 ex
981 1820 1098 1899 quibus,

100 1917 243 1995 quoniam
258 1917 289 1977 in
303 1920 362 1978 hoc
377 1939 514 1980 sermone
534 1931 636 1979 nostro
654 1919 743 1979 statui
760 1919 913 1980 neminem
928 1939 1031 1981 eorum
1050 1917 1102 1995 qui

100 2016 232 2075 viverent
253 2016 416 2089 nominare,
432 2038 472 2078 ne
493 2037 546 2077 vos
568 2016 711 2078 curiosius
733 2017 878 2078 eliceretis
900 2037 936 2078 ex
957 2037 1005 2077 me
1027 2016 1101 2094 quid

101 2115 140 2173 de
155 2133 275 2191 quoque
297 2113 469 2188 iudicarem,
485 2135 536 2175 eos
558 2115 610 2192 qui
631 2115 690 2174 iam
712 2126 782 2174 sunt
804 2114 912 2175 mortui
927 2113 1099 2173 nominabo

55 2233 88 2268 υ
102 2215 182 2271 Tum
198 2215 325 2271 Brutus:
347 2215 418 2273 Non
433 2223 486 2286 est,
502 2211 609 2290 inquit,
624 2212 679 2272 ista
693 2232 783 2273 causa
800 2233 890 2290 quam
910 2211 993 2283 dieis,
1010 2231 1100 2288 quam

101 2310 142 2370 ob
164 2330 226 2370 rem
251 2313 290 2370 de
314 2310 357 2371 eis
385 2310 437 2387 qui
459 2310 562 2370 vivunt
590 2309 664 2368 nihil
688 2310 761 2370 velis
783 2311 890 2371 dicere.
943 2311 1101 2385 Quaenam

101 2408 195 2486 igitur,
212 2408 343 2485 inquam,
360 2411 429 2468 est?
470 2407 573 2467 Vereri
593 2420 630 2480 te,
649 2407 753 2484 inquit,
772 2408 898 2468 arbitror
917 2429 956 2467 ne
975 2428 1027 2484 per
1046 2425 1101 2467 nos

101 2505 151 2565 hic
174 2526 272 2566 sermo
294 2517 362 2564 tuus
388 2515 507 2566 emanet
528 2515 558 2565 et
580 2504 607 2565 ei
630 2504 685 2565 tibi
707 2516 900 2566 suscenseant
925 2525 1001 2582 quos
1022 2524 1103 2582 prae-

100 2603 220 2663 terieris.
265 2603 370 2678 Quid?
390 2623 451 2674 vos,
479 2603 610 2680 inquam,
635 2614 732 2663 tacere
755 2624 817 2663 non
840 2603 995 2681 poteritis?
1038 2605 1103 2662 Nos

57 2729 87 2780 25
101 2701 233 2778 quidem,
262 2700 370 2778 inquit*
397 2700 556 2775 facillime3
591 2703 644 2761 sed
673 2712 774 2762 tamen
803 2711 832 2760 te
860 2701 986 2761 arbitror
1015 2703 1103 2761 malle

100 2799 199 2878 ipsum
215 2810 312 2859 tacere
326 2818 416 2876 quam
439 2797 670 2858 taciturnitatem
692 2810 824 2858 nostram
846 2798 978 2877 experiri.
1022 2800 1102 2857 Tum
1119 2825 1164 2874 ²3²

101 2918 176 2975 ego:
197 2900 275 2957 Vere
290 2896 352 2968 tibi,
369 2896 502 2973 inquam,
518 2898 616 2968 Brute,
634 2895 740 2956 dicam
785 2899 857 2956 Non
875 2917 923 2956 me
938 2895 1104 2957 existimavi

101 2995 132 3054 in
146 2996 205 3054 hoc
219 3013 357 3052 sermone
372 2994 520 3069 usquead
535 2994 613 3052 hanc
627 3004 756 3054 aetatem
771 3014 836 3054 esse
851 3004 1028 3067 venturum;
1050 2995 1104 3053 sed

101 3091 142 3152 ita
156 3090 241 3150 traxit
256 3091 331 3151 ordo
345 3099 476 3150 aetatum
495 3089 659 3150 orationem
672 3103 712 3151 ut
731 3090 795 3151 iam
809 3093 848 3152 ad
868 3090 998 3151 minores
1013 3090 1103 3150 etiam

55 3215 88 3262 30
102 3187 294 3268 pervenerim.
354 3189 516 3265 Interpone
551 3187 646 3265 igitur,
677 3188 781 3266 inquit,
812 3188 836 3248 si
865 3208 941 3266 quos
969 3187 1103 3262 videtur;

136 3359 147 3390 1
167 3344 275 3391 edilibus
288 3342 349 3391 OG:
368 3349 395 3390 et
407 3342 497 3390 edibus
509 3341 544 3389 F:
560 3342 650 3391 edibus
673 3342 694 3390 C
824 3359 886 3392 cum
900 3342 985 3405 vulg:
1009 3357 1060 3402 quo
1080 3341 1103 3389 L

102 3411 118 3456 6
134 3410 237 3468 vigebat
251 3409 289 3454 L:
307 3409 411 3469 vigente
423 3408 530 3455 florebat
542 3407 639 3470 Kayser
747 3424 803 3457 cum
816 3408 932 3458 Antonio
945 3417 971 3455 et
983 3406 1102 3469 Madv'g:

100 3474 218 3521 Antonio
231 3481 257 3520 et
275 3489 333 3520 cum
352 3474 389 3522 L:
413 3472 530 3521 Antonio
549 3482 575 3521 et
591 3472 673 3539 [cum]
694 3472 798 3522 Martha
909 3490 922 3534 7
941 3474 1044 3520 dicente
1065 3473 1103 3521 L:

102 3540 191 3586 dicens
204 3538 298 3586 Schtlta
394 3554 421 3585 11
442 3547 531 3586 nactus
543 3539 670 3587 aemulum
682 3538 781 3602 Kayser
874 3555 903 3587 12
921 3539 1002 3587 stadio
1015 3538 1105 3586 Rivius

105 3605 134 3652 18
151 3603 281 3652 eliceretis
293 3602 359 3665 vulg.
372 3619 377 3649 :
396 3603 527 3663 eligeretis
539 3602 562 3650 L

1010 3665 1039 3718 5*
