2588 4178
546 192 711 252 BRVTVS
1087 204 1129 266 93
1143 210 1189 261 ³²¹

127 377 244 435 augere,
272 369 539 437 quantumcunque
563 370 632 420 erat.
684 364 786 438 Atque
810 371 843 420 ut
871 361 965 420 multa
991 359 1128 419 omittam

127 455 158 515 in
192 458 251 517 hoe
289 457 385 535 spatio
427 468 457 519 et
494 458 526 517 in
561 457 608 518 his
646 468 714 535 post
751 457 933 518 aedilitatem
968 456 1062 531 annis,
1099 468 1129 517 et

126 566 244 632 praetor
275 555 388 633 primus
418 567 448 617 et
478 555 645 617 incredibili
675 555 811 633 populari
846 557 999 616 voluntate
1032 559 1132 615 consul

126 671 193 711 sum
225 655 329 714 faetus.
379 656 459 714 Nam
490 674 559 714 cum
587 665 707 732 propter
733 653 944 714 adsiduitatem
972 653 1003 712 in
1032 653 1128 714 causis

96 760 155 816 set
180 751 356 812 industriam
379 762 444 812 tum
466 762 586 830 propter
613 750 786 829 exquisitius
810 763 840 811 et
865 750 988 812 minime
1010 753 1128 828 vulgare

125 848 267 909 orationis
298 869 393 927 genus
423 849 539 910 animos
569 849 727 910 hominum
754 850 794 909 ad
823 869 871 910 me
899 848 1020 910 dicendi
1048 848 1129 909 novi-

125 940 187 1007 tate
206 959 418 1008 converteram.
462 947 545 1008 Nihil
566 950 605 1009 de
627 968 675 1007 me
696 946 813 1008 dicam:
834 947 933 1007 dicam
953 949 992 1007 de
1012 947 1126 1020 ceteris,
1142 965 1189 1015 322

125 1064 253 1121 quorum
273 1066 365 1106 nemo
389 1057 451 1106 erat
476 1045 528 1123 qui
548 1045 702 1107 videretur.
717 1044 890 1123 exquisitius
911 1065 1001 1122 quam
1023 1047 1128 1123 vulgus

126 1142 284 1203 hominum
317 1145 466 1205 studuisse
498 1143 610 1217 litteris,
644 1143 753 1220 quibus
788 1145 855 1204 sons
890 1144 1037 1222 perfectae
1069 1144 1129 1204 elo

81 1264 111 1299 10
127 1241 267 1317 quentiae
294 1242 471 1316 continetur,
500 1227 591 1302 nemo
621 1241 673 1319 qui
706 1241 927 1320 philosophiam
954 1243 1128 1319 complexus

126 1350 204 1400 esset
239 1351 363 1400 matrem
398 1339 532 1400 omnium
570 1340 648 1399 bene
682 1340 828 1399 sactorum
862 1339 1001 1416 beneque
1035 1337 1128 1398 dicto

127 1457 201 1509 rum,
232 1457 323 1497 nemo
357 1437 409 1514 qui
444 1437 489 1497 ius
523 1436 609 1497 civile
644 1435 797 1497 didicisset
831 1456 893 1496 rem
925 1437 965 1496 ad
999 1435 1127 1512 privatas

125 1555 229 1595 causas
258 1546 288 1596 et
316 1537 355 1596 ad
385 1534 508 1596 oratoris
541 1534 729 1612 prudentiam
760 1533 887 1594 maxime
919 1532 1127 1608 neeessariam,

125 1653 215 1693 nemo
236 1633 288 1710 qui
310 1632 485 1694 memoriam
507 1653 604 1694 rerum
629 1635 834 1692 Romanarum
855 1643 976 1704 teneret,
999 1651 1035 1691 ex
1056 1651 1123 1708 qua,
1190 1651 1192 1655 ·

81 1747 110 1796 15
126 1730 151 1793 si
183 1733 306 1808 quando
340 1751 416 1809 opus
447 1742 533 1804 esset,
562 1732 601 1791 ab
631 1729 732 1790 inseris
762 1728 1011 1814 locupletissimos
1043 1727 1126 1789 testis

126 1828 276 1903 excitaret,
299 1849 390 1890 nemo
414 1829 466 1906 qui
494 1828 621 1890 breviter
647 1839 809 1905 arguteque
837 1827 935 1887 inluso
959 1825 1126 1887 adversario

126 1928 235 1986 laxaret
261 1926 394 1990 iudicum
423 1926 539 1987 animos
566 1937 657 2003 atque
684 1945 702 1984 a
730 1924 884 1985 severitate
911 1923 1061 2002 paulisper
1087 1924 1125 1983 ad

123 2023 300 2084 hilaritatem
321 2024 473 2102 risumque
497 2025 674 2097 traduceret,
695 2043 786 2084 nemo
807 2021 859 2100 qui
882 2021 1005 2083 dilatare
1026 2032 1127 2099 posset

124 2132 215 2199 atque
236 2143 255 2182 a
276 2122 394 2200 propria
418 2143 453 2183 ae
475 2122 599 2183 definita
617 2121 819 2199 disputatione
843 2119 974 2180 hominis
995 2139 1030 2179 ac
1055 2130 1127 2180 tem·

78 2251 111 2286 20
124 2218 204 2296 poris
218 2221 257 2279 ad
268 2239 460 2279 communem
471 2217 678 2296 quaestionem
692 2216 821 2278 universi
835 2216 950 2295 generis
961 2215 1126 2277 orationem

124 2318 286 2390 traducere,
306 2337 397 2378 nemo
418 2316 470 2394 qui
491 2315 660 2377 delectandi
681 2314 774 2393 gratia
795 2314 909 2392 digredi
930 2333 1088 2391 pammper
1108 2333 1126 2374 a

123 2434 220 2487 causa,
233 2435 324 2475 nemo
334 2414 386 2492 qui
400 2416 439 2475 ad
454 2413 637 2475 iracundiam
652 2433 768 2491 magno
776 2433 865 2491 opere
880 2411 1018 2483 iudicem,
1035 2431 1126 2472 nemo

124 2512 175 2590 qui
189 2514 228 2572 ad
243 2515 345 2572 fletum
360 2524 461 2589 posset
475 2513 632 2583 adducere,
646 2531 737 2571 nemo
747 2511 800 2588 qui
813 2509 947 2569 animum
959 2508 1030 2582 eius,
1042 2509 1125 2586 quod

122 2630 216 2669 unum
230 2622 275 2670 est
294 2609 417 2670 oratoris
438 2609 565 2670 maxime
579 2609 741 2687 proprium,
757 2627 948 2686 quocumque
965 2627 1011 2668 res
1025 2618 1125 2684 postu·

76 2735 107 2785 ²5
123 2708 203 2780 laret,
229 2707 389 2787 impellere.
433 2710 539 2785 Itaque
561 2728 630 2767 cum
655 2707 713 2766 iam
739 2727 834 2784 paene
856 2705 1025 2765 evanuisset
1047 2707 1125 2764 Hor·

124 2805 235 2866 tensius
250 2817 280 2866 et
293 2826 350 2883 ego
366 2826 447 2866 anno
466 2825 542 2877 meo,
559 2816 643 2866 sexto
661 2816 762 2865 autem
779 2815 848 2881 post
861 2803 945 2863 illum
960 2804 1114 2863 consulem

126 2906 230 2964 consul
250 2906 345 2964 sactus
365 2924 472 2976 essem,
487 2923 625 2963 revocare
646 2923 679 2963 se
699 2905 738 2963 ad
760 2901 935 2962 industriam
955 2900 1061 2978 coepit,
1078 2921 1116 2960 ne

128 3021 197 3062 cum
216 3021 301 3079 pares
320 3004 435 3062 honore
451 3021 595 3075 essemus,
608 3000 708 3077 aliqua
727 3021 758 3060 re
777 2999 910 3077 superior
923 3018 989 3058 esse
1003 2998 1124 3058 viderer.

126 3099 175 3160 Sic
197 3098 359 3160 duodecim
381 3111 450 3176 post
473 3119 574 3159 meum
603 3100 791 3159 consulatum
813 3116 909 3170 annos
931 3095 962 3154 in
990 3093 1126 3154 maximis

78 3216 110 3265 30
127 3195 232 3269 causis,
248 3216 317 3256 eum
335 3216 391 3274 ego
410 3197 483 3256 mihi
503 3196 595 3268 illum,
611 3195 668 3255 sibi
689 3215 738 3254 me
757 3194 806 3254 ille
822 3196 988 3266 anteferret,
1004 3191 1127 3253 coniun-

1138 2757 1187 2806 3²3

157 3369 173 3401 a
190 3360 216 3401 et
232 3388 256 3401 ..
271 3388 277 3401 .
292 3351 434 3400 annis'secl.
455 3351 555 3400 Ellendt
619 3351 660 3398 his
671 3349 738 3398 codd.
752 3349 808 3398 den.
824 3366 830 3397 ε
846 3348 912 3396 ilsL
1011 3362 1124 3408 3popu·

122 3415 168 3466 lari
182 3417 221 3466 L:
240 3420 325 3480 populi
338 3418 495 3466 Lambinus:
512 3416 599 3478 populi
614 3418 645 3464 R.
662 3416 739 3464 Orelli
831 3414 917 3462 consul
931 3411 988 3459 add.
1001 3412 1125 3460 Friedrich

125 3485 155 3530 16
172 3484 246 3532 illuso
258 3484 368 3532 Schelle:
385 3482 485 3531 incluso
497 3481 538 3530 L:
555 3482 627 3530 eluso
640 3481 767 3528 Baehrens
853 3494 886 3526 20
902 3479 935 3526 ad
947 3493 1009 3526 com.
1026 3475 1074 3527 6²:
1092 3478 1124 3526 ad

122 3562 171 3596 om.
182 3548 204 3596 L
272 3563 353 3611 ar-25
365 3550 500 3597 traducere
513 3584 519 3597 .
535 3583 541 3596 .
557 3583 562 3596 .
575 3547 706 3607 impellere
719 3546 785 3607 vulg.
798 3561 804 3592 :
823 3545 984 3592 traduceret.
998 3579 1006 3593 .
1021 3542 1124 3603 .impel-

121 3613 187 3661 leret
198 3613 221 3661 L
303 3615 335 3661 28
352 3615 471 3677 superior
482 3628 540 3662 esse
552 3612 655 3661 viderer
663 3610 736 3670 Jahn
747 3626 754 3658 t
770 3610 916 3672 superiores
928 3608 1074 3657 videremur
1085 3605 1108 3656 L

153 3705 202 3739 crc.
216 3705 294 3741 ΒΜ.
1045 3687 1059 3734 7
