2588 4178
99 192 135 253 16
152 201 184 266 5⁶
413 193 458 252 M.
479 192 607 251 TVLLI
630 192 863 254 CICERONIS
897 187 899 194 ’

155 380 263 437 meque
278 379 379 420 earum
398 379 476 436 quae
489 361 528 420 ad
543 358 788 419 communionem
808 357 965 419 hominum
987 370 1016 419 et
1036 356 1161 420 liberali·

156 469 247 517 tatem
269 460 377 518 valent.
422 460 468 517 Ex
492 456 538 518 his
566 469 596 518 et
623 457 845 518 cohortationes
873 467 1031 518 sumuntur
1058 459 1098 517 ad
1126 475 1161 516 ea

110 617 123 659 1
156 554 311 616 retinenda
339 567 369 614 et
396 554 427 614 in
455 575 506 615 eos
529 574 548 614 a
569 554 679 632 quibus
703 575 740 615 ea
763 554 872 615 violata
899 565 969 614 sunt
992 553 1064 615 odia
1090 553 1162 613 inci·

157 665 263 726 tantur,
286 664 316 712 et
339 651 487 712 miseratio
512 651 649 723 nascitur.
693 651 832 729 Proprius
857 654 941 712 locus
966 662 1010 713 est
1030 650 1162 728 augendi

154 751 186 810 in
204 750 249 810 his
269 751 357 811 rebus
376 763 427 809 aut
444 748 559 809 amissis
579 761 631 809 aut
649 748 807 809 amittendi
827 749 967 827 periculo
1011 747 1097 823 Nihil
1118 759 1188 821 est5

155 848 235 909 enim
256 860 318 908 tam
339 833 506 907 miserabile
520 867 611 924 quam
632 867 668 907 ex
689 847 778 907 beato
798 846 893 908 miser.
937 849 977 907 Et
990 849 1050 910 hoc
1064 857 1162 906 totum

155 957 200 1006 est
214 947 296 1023 quod
311 957 437 1019 moveat,
453 944 478 1004 si
495 964 555 1022 qua
574 965 610 1004 ex
628 946 747 1005 fortuna
767 944 834 1023 quis
852 946 940 1005 cadat
954 956 1018 1005 eta
1033 964 1162 1029 quorum

155 1043 276 1103 caritate
306 1042 469 1115 divellatur,
499 1061 577 1120 quae
603 1041 719 1101 amittat
746 1052 798 1102 aut
824 1041 962 1116 amiserit,
991 1041 1023 1101 in
1051 1040 1162 1118 quibus

157 1141 241 1201 malis
269 1139 307 1200 sit
333 1141 484 1199 futurusve
517 1139 555 1198 sit
581 1137 753 1216 exprimitur
784 1138 919 1200 breviter.
976 1138 1046 1201 Cito
1079 1138 1161 1199 enim

157 1237 299 1298 exarescit
322 1235 450 1308 lacrima,
474 1235 645 1313 praesertim
671 1235 701 1296 in
723 1235 827 1296 alienis
852 1236 945 1297 malls.
989 1235 1055 1298 Nec
1080 1236 1206 1314 quic-10

158 1355 248 1412 quam
269 1333 300 1408 in
320 1333 551 1411 amplificatione
568 1333 656 1393 nimis
677 1335 897 1394 enucleandum
918 1345 973 1409 est,
987 1332 1103 1394 minuta
1117 1345 1163 1395 est

157 1431 237 1492 enim
260 1419 358 1491 omnis
380 1430 551 1507 diligentia3
581 1430 631 1490 hic
652 1442 752 1491 autem
779 1433 864 1512 locus
885 1430 1009 1509 grandia
1030 1431 1161 1509 requirit

113 1530 239 1600 581llud
258 1528 318 1588 iam
340 1527 377 1587 sit
399 1527 499 1600 iudici,
521 1548 582 1604 quo
603 1548 722 1606 quaque
743 1527 774 1587 in
798 1549 888 1589 causa
912 1549 1019 1607 genere
1043 1540 1164 1589 utamur

157 1625 294 1703 augendi.
339 1627 376 1686 In
400 1623 456 1684 illis
477 1623 558 1709 enim
579 1624 676 1685 causis
696 1645 774 1702 quae
798 1627 837 1686 ad
861 1625 1092 1687 delectationem
1115 1637 1164 1688 ex·

158 1735 301 1785 ornantur
313 1722 341 1783 ei
355 1721 412 1783 loci
427 1721 573 1782 tractandi
587 1735 656 1782 sunt
671 1723 722 1800 qui
740 1742 859 1783 movere
872 1734 998 1800 possunt
1012 1734 1164 1800 exspecta·
1179 1749 1206 1799 ¹5

159 1820 271 1881 tionem
284 1819 512 1881 admirationem
526 1822 709 1897 voluptatem
719 1842 728 1894 ;
747 1819 779 1879 in
791 1820 1046 1881 cohortationibus
1059 1833 1164 1881 autem

158 1918 307 1978 bonorum
335 1927 365 1977 et
393 1919 538 1976 malorum
566 1917 804 1978 enumerationes
834 1929 864 1978 et
895 1920 1031 1996 exempla
1062 1920 1164 1978 valent

159 2014 327 2092 plurimum.
372 2015 408 2073 In
423 2013 539 2074 iudiciis
557 2013 723 2074 accusatori
741 2016 802 2084 fere
820 2034 897 2092 quae
911 2016 951 2076 ad
967 2015 1163 2088 iracundiam,

158 2132 210 2172 reo
224 2114 399 2189 plerumque
413 2132 490 2190 quae
503 2113 542 2172 ad
562 2110 794 2172 misericordiam
810 2112 976 2190 pertinent:
997 2133 1058 2188 non
1079 2130 1165 2172 num·

160 2229 250 2287 quam
273 2220 375 2268 tamen
395 2218 425 2267 et
448 2221 602 2268 accusator
623 2208 854 2269 misericordiam
876 2229 995 2269 movere
1017 2210 1108 2270 debet
1134 2222 1208 2270 etro

116 2336 147 2387 59
160 2307 299 2366 defensor
328 2303 519 2364 iracundiam.
563 2305 757 2384 Enumeratio
787 2305 901 2384 reliqua
927 2318 980 2381 est,
1014 2307 1163 2367 laudatori

160 2423 333 2480 numquam,
349 2400 460 2460 suasori
482 2422 543 2461 non
565 2422 662 2478 saepe,
677 2402 842 2463 accusatori
864 2403 980 2481 saepius
1000 2424 1091 2480 quam
1110 2425 1163 2476 reo

160 2499 333 2562 necessaria.
385 2498 486 2558 Huius
514 2511 647 2576 tempora
675 2502 737 2572 duo
764 2512 842 2574 sunt,
868 2500 892 2560 si
922 2514 973 2561 aut
1001 2502 1164 2564 memoriae

160 2599 277 2660 diffidas
295 2615 398 2671 eorum
416 2597 498 2672 apud
518 2615 594 2672 quos
614 2616 694 2673 agas,
713 2599 759 2657 vel
780 2597 935 2658 intervallo
954 2597 1095 2675 temporis
1110 2592 1164 2659 'vel

160 2693 345 2771 longitudine
364 2691 504 2753 orationis
524 2706 576 2753 aut
596 2694 788 2770 frequentatis
808 2695 1001 2755 firmamentis
1020 2695 1163 2756 orationis
1180 2718 1208 2768 ²5

116 2801 148 2850 60
161 2804 190 2853 et
205 2790 331 2850 breviter
344 2789 484 2867 expositis
498 2789 558 2849 vim
573 2803 617 2850 est
637 2791 773 2851 habitura
792 2813 882 2852 causa
901 2791 1051 2853 maiorem.
1096 2786 1175 2854 Reo-

161 2888 251 2950 rarius
266 2890 411 2949 utendum
427 2885 505 2968 [est],
521 2889 604 2964 quod
625 2890 766 2966 ponenda
783 2902 852 2949 sunt
865 2890 1020 2963 contraria,
1035 2910 1164 2967 quorum

119 3064 121 3067 Ι
160 2985 317 3046 dissolutio
339 2985 370 3044 in
395 2983 537 3044 brevitate
564 3004 626 3044 non
654 2985 772 3059 lucebit,
796 2986 891 3047 aculei
918 2998 1060 3065 pungent.
1104 2989 1164 3049 Sed

161 3084 215 3144 erit
243 3083 274 3142 in
301 3080 525 3142 enumeratione
552 3080 715 3155 vitandum,
745 3103 783 3143 ne
811 3083 971 3144 ostentatio
1002 3084 1165 3146 memoriae

162 3193 299 3258 suscepta
312 3180 446 3240 videatur
465 3199 529 3238 esse
548 3178 675 3255 puerilis.
720 3181 757 3240 ld
774 3180 893 3258 effugiet
914 3181 966 3258 qui
985 3202 1047 3242 non
1061 3182 1165 3243 omnia
1180 3206 1212 3254 30

162 3278 285 3338 minima
305 3289 426 3355 repetet,
442 3278 495 3337 sed
512 3276 594 3336 brevi
612 3276 728 3354 singula
746 3278 893 3356 attingens
912 3280 1046 3355 pondera
1064 3299 1164 3356 rerum

109 3412 111 3417 .
162 3379 226 3456 ipsa
239 3376 481 3453 comprehendet.
1098 3365 1101 3371 ¹
1155 3382 1157 3386 ’

107 704 141 758 57

195 3551 209 3590 4
229 3532 388 3592 Proprius..
402 3565 408 3578 .
421 3529 534 3591 periculo
546 3529 598 3577 secl.
612 3528 733 3577 Friedn'ch
839 3545 852 3589 7
870 3537 910 3578 est
923 3531 991 3593 quod
1002 3531 1041 3579 P:
1059 3528 1166 3593 quidem

158 3599 229 3659 <vulg
350 3595 547 3658 9exprimitur
569 3593 607 3641 P:
636 3595 795 3655 exprimatur
817 3596 884 3658 vulg.
997 3611 1027 3656 14
1040 3598 1167 3653 delibera·

163 3661 297 3714 tionemP
399 3676 430 3723 27
447 3667 486 3709 est
502 3676 552 3710 om.
571 3659 598 3708 P
692 3674 722 3723 31
740 3661 811 3710 brevi
828 3659 976 3711 Manutius:
993 3663 1079 3712 brevia
1096 3663 1165 3714 codd.
