2588 4178
561 213 726 274 unv‘rvs
1103 227 1188 290 ⁹594

142 385 220 443 Sunt
242 380 332 441 etiam
357 382 390 440 L.
416 393 446 442 et
469 382 503 442 C.
530 381 718 442 Aureliorum
742 382 922 453 Orestarum,
946 402 1021 459 quos
1041 381 1143 460 aliquo

142 482 232 542 video
253 481 284 540 in
306 500 435 541 numero
452 491 602 540 oratorum
623 480 721 540 fuisse.
767 483 798 538 P.
814 480 903 540 etiam
924 481 1056 558 Popilius
1073 502 1142 541 cum
1155 493 1187 544 95

141 579 215 638 civis
238 578 371 656 egregius
394 589 458 637 tum
481 597 543 637 non
568 577 727 638 indisertus
752 577 824 652 luit;
856 577 949 638 Gaius
972 599 1041 639 vero
1066 579 1143 638 lilius

141 678 206 737 eius
230 677 366 747 disertus,
393 674 547 752 Gaiusque
570 675 740 735 Tuditanus
767 695 836 735 cum
861 675 944 735 omni
968 675 1028 735 vita
1054 688 1145 753 atque

113 773 222 852 5m‘ctu
237 776 372 833 excultus
385 785 477 850 atque
491 773 646 850 expolitus,
659 784 723 833 tum
737 773 801 834 eius
815 775 934 851 elegans
949 785 993 834 est
1008 774 1143 834 habitum

142 870 233 931 etiam
253 869 395 930 orationis
413 890 516 948 genus.
561 872 739 947 Eodemque
754 869 784 930 in
805 890 913 948 genere
926 882 971 930 est
986 871 1105 931 habitus
1119 871 1145 931 is

142 968 195 1046 qui
217 967 323 1027 iniuria
343 980 467 1044 accepta
488 967 572 1045 fregit
593 968 639 1027 Ti.
656 970 825 1028 Gracchum
847 967 997 1046 patientia,
1019 969 1092 1029 civis
1113 969 1144 1028 in

142 1068 232 1127 rebus
267 1066 388 1144 optimis
423 1066 682 1127 constantissimus
718 1069 760 1125 M.
792 1066 942 1127 Octavius
1000 1070 1041 1126 Ar
1075 1086 1145 1127 vcro

144 1167 187 1223 M.
202 1164 347 1224 Aemilius
368 1164 508 1241 Lepidus,
525 1164 577 1240 qui
591 1176 636 1223 est
651 1164 777 1224 Porcina
795 1163 901 1236 dictus,
917 1164 1012 1224 isdem
1032 1176 1146 1242 tempo

97 1261 225 1322 roribus
238 1263 300 1344 fere
320 1262 430 1339 quibus
445 1261 550 1333 Galba,
566 1263 619 1320 sed
640 1263 731 1338 paulo
752 1260 849 1321 minor
869 1274 941 1321 natu
960 1273 989 1320 et
1010 1282 1145 1321 summus

143 1370 243 1419 orator
256 1370 300 1419 est
315 1358 435 1418 habitus
452 1370 482 1418 et
496 1358 558 1430 luit,
575 1371 608 1417 ut
621 1369 743 1435 apparet
762 1378 798 1418 ex
811 1358 1004 1431 orationibus,
1020 1359 1145 1436 scriptor

142 1476 216 1516 sane
236 1457 343 1516 bonus.
388 1458 459 1516 Hoc
480 1455 511 1515 in
525 1467 641 1517 oratore
662 1456 770 1516 Latino
791 1456 919 1533 primum
941 1455 1013 1516 mihi
1028 1456 1144 1517 videtur
1155 1457 1189 1524 96

143 1566 173 1614 et
188 1553 291 1613 levitas
304 1553 476 1631 apparuisse
487 1553 537 1612 illa
551 1555 733 1614 Graecorum
744 1564 774 1613 et
788 1554 943 1613 verborum
956 1554 1145 1632 comprensio

143 1661 174 1710 et
199 1651 257 1710 iam
282 1651 397 1726 artilex,
420 1664 454 1711 ut
477 1650 519 1710 ita
540 1651 649 1723 dicam,
673 1650 765 1710 stilus.
811 1654 903 1711 Hunc
926 1652 1059 1712 studiose
1083 1655 1145 1714 duo

99 1777 130 1829 ¹5
144 1751 351 1809 adulescentes
368 1748 597 1827 ingeniosissimi
620 1760 649 1808 et
670 1769 763 1826 prope
783 1752 922 1827 aequales
944 1751 977 1811 C.
995 1750 1094 1811 Carbo
1115 1762 1145 1810 et

144 1846 191 1905 Ti.
216 1848 370 1906 Gracchus
392 1846 495 1906 audire
520 1845 598 1906 soliti
621 1858 708 1920 sunt3
737 1848 776 1906 de
800 1846 909 1923 quibus
937 1847 996 1906 iam
1024 1847 1145 1908 dicendi

144 1946 229 2003 locus
260 1943 315 2004 erit
343 1963 412 2004 cum
441 1945 480 2004 de
512 1943 679 2004 senioribus
707 1963 803 2021 pauca
834 1944 944 2005 dixero.
997 1946 1034 2020 Q.
1065 1944 1145 2005 enim

145 2040 307 2118 Pompeius
323 2060 384 2100 non
405 2052 596 2119 contemptus
616 2052 715 2102 orator
736 2041 919 2118 temporibus
940 2041 996 2101 illis
1016 2043 1077 2115 suit,
1094 2042 1146 2119 qui

145 2159 280 2199 summos
295 2141 424 2199 honores
438 2141 531 2199 homo
545 2160 598 2217 per
612 2159 644 2199 se
658 2138 795 2216 cognitus
806 2138 871 2200 sine
882 2141 942 2200 ulla
956 2142 1146 2200 commenda-

100 2265 132 2301 ιο
146 2236 228 2296 tione
242 2235 388 2296 maiorum
404 2248 449 2296 est
462 2239 597 2314 adeptus.
630 2240 710 2296 Tum
725 2239 758 2296 L.
772 2237 892 2299 Cassius
907 2240 1034 2297 multum
1049 2237 1146 2315 potuit
1158 2255 1191 2305 97

146 2355 207 2394 non
222 2334 400 2411 eloquentia,
417 2336 470 2395 sed
489 2334 620 2395 dicendo
635 2347 753 2409 tamen;
774 2337 867 2407 homo
886 2355 947 2394 non
962 2335 1144 2407 liberalitate,

146 2443 178 2492 ut
192 2431 250 2504 alii,
263 2434 316 2493 sed
331 2432 396 2510 ipsa
409 2432 526 2493 tristitia
539 2445 569 2493 et
583 2433 738 2493 severitate
751 2432 910 2510 popularis,
923 2433 1008 2493 cuius
1022 2433 1146 2510 quidem

146 2529 203 2606 legi
221 2530 390 2590 tabellariae
408 2534 451 2590 M.
467 2531 576 2591 Antius
592 2531 677 2591 Briso
692 2531 827 2590 tribunus
846 2531 942 2608 plebis
961 2531 1013 2592 diu
1030 2531 1143 2605 restitit,

147 2631 191 2688 M.
205 2629 321 2707 Lepido
336 2633 459 2691 consule
469 2630 649 2704 adiuvante3
669 2650 764 2707 eaque
778 2650 824 2690 res
836 2633 867 2689 P.
879 2630 1021 2690 Africano
1035 2630 1147 2707 vitupe-

100 2759 133 2808 ²5
147 2727 252 2787 rationi
277 2728 340 2801 suit,
365 2730 448 2805 quod
475 2729 539 2789 eius
560 2728 736 2789 auctoritate
764 2730 803 2788 de
827 2727 974 2788 sententia
997 2730 1146 2789 deductus

99 2861 104 2872 ‹
147 2826 233 2887 Briso
260 2828 426 2904 putabatur.
469 2831 549 2888 Tum
577 2830 639 2889 duo
668 2827 836 2905 Caepiones
864 2830 992 2904 multum
1023 2827 1146 2888 clientes

145 2924 272 2984 consilio
286 2936 315 2984 et
335 2925 442 3002 lingua,
459 2929 526 3004 plus
544 2925 720 2987 auctoritate
736 2937 837 2986 tamen
857 2937 887 2986 et
902 2925 995 3003 gratia
1013 2927 1147 2986 subleva-

147 3022 226 3082 bant.
260 3023 325 3082 Sex.
346 3023 467 3100 Pompei
482 3035 551 3083 sunt
565 3023 673 3100 scripta
687 3044 743 3084 nec
757 3023 846 3083 nimis
861 3033 1026 3095 extenuata,
1043 3042 1145 3100 quam·
1157 3064 1198 3122 2⁶

145 3139 236 3197 quam
251 3132 383 3180 veterum
398 3132 443 3181 est
457 3121 567 3195 similis,
584 3132 613 3182 et
627 3123 716 3199 plena
729 3120 913 3199 prudentiae.
956 3122 987 3180 P.
1003 3121 1144 3182 Crassum

100 3228 134 3296 30
146 3219 232 3277 valde
247 3218 406 3295 probatum
420 3231 566 3280 oratorem
581 3219 677 3279 isdem
692 3221 752 3281 lere
766 3218 950 3296 temporibus
965 3218 1144 3295 accepimus,

145 3315 197 3393 qui
226 3327 255 3375 et
280 3315 399 3393 ingenio
423 3317 514 3378 valuit
535 3329 565 3378 et
586 3317 686 3378 studio
707 3330 738 3379 et
758 3317 863 3378 habuit
887 3319 1031 3395 quasdam
1054 3315 1145 3376 etiam

1158 3157 1190 3218 98

177 3485 194 3531 3
213 3471 277 3519 ciuis
294 3470 370 3520 FG':
395 3472 468 3522 cuius
487 3472 509 3521 C
632 3487 662 3521 10
680 3474 764 3522 minor
781 3473 865 3536 vulga
890 3473 974 3522 minus
991 3469 1014 3518 L
1116 3487 1146 3533 14

145 3543 171 3584 et
183 3538 233 3584 iam
245 3536 338 3585 Faber:
355 3538 430 3586 etiam
443 3537 465 3586 L
568 3541 601 3586 26
618 3539 694 3588 Briso
706 3538 728 3585 L
740 3556 746 3587 r
764 3538 857 3588 Restio
869 3539 973 3587 Martha
1038 3537 1146 3588 clientes

146 3600 250 3651 PUM¹:
269 3603 384 3651 dicentes
397 3603 419 3652 C
522 3604 555 3652 28
573 3604 633 3653 Sex.
648 3602 767 3669 Madvig:
786 3606 833 3654 sed
845 3603 868 3652 L
