2588 4178
151 180 192 239 so
208 192 253 256 27⁶
490 183 533 241 M.
562 182 690 241 rvmr
719 178 952 242 crcunours

107 385 109 390 ·
208 348 298 424 paulo
319 358 388 407 ante
409 346 524 407 dictum
546 347 583 408 sit
604 347 659 407 tria
676 346 769 407 videri
790 367 859 426 esse⁴
872 366 950 424 quae
971 355 1070 406 orator
1092 345 1208 405 efficere

206 445 336 516 deberet,
353 455 385 504 ut
402 447 530 518 doceret,
546 457 580 505 ut
598 446 765 518 delectaret,
782 455 815 504 ut
833 454 984 504 moveret:
1013 445 1076 504 duo
1090 462 1207 502 summe

206 542 309 615 tenuit,
333 553 364 601 ut
388 553 418 602 et
442 563 504 621 rem
532 542 689 624 illustraret
711 541 886 602 disserendo
907 553 937 601 et
961 540 1078 601 animos
1102 560 1206 601 eorum

206 639 257 716 qui
281 637 417 699 audirent
438 638 601 700 devinciret
623 642 793 717 voluptate;
823 639 926 699 aberat
948 637 1034 698 tertia
1060 637 1111 697 illa
1132 639 1205 710 laus,

206 757 265 815 qua
296 748 482 814 permoveret
506 749 596 814 atque
620 736 755 797 incitaret
779 735 904 809 animos,
929 755 1019 813 quam
1044 733 1236 813 plurimum5

127 902 128 905 Ἴ
206 837 317 912 pollere
339 834 485 910 diximus3
515 846 654 894 necerat
679 836 739 895 ulla
760 835 804 894 vis
828 844 919 912 atque
941 832 1115 894 contentio:
1145 831 1207 892 sive

206 930 339 1005 consili0,
355 933 451 1008 ,quod
479 951 539 1006 eos,
569 951 695 1008 quorum
726 931 813 998 altior
840 930 935 991 oratio
962 930 1101 1008 actioque
1129 940 1207 989 esset

197 1028 362 1102 ardentior,
391 1031 487 1089 furere
516 1040 606 1113 atque
639 1028 777 1089 bacchari
807 1027 1004 1102 arbitraretur,
1034 1027 1095 1088 sive
1123 1028 1206 1104 quod

205 1137 310 1186 natura
327 1146 389 1187 non
411 1137 488 1186 esset
509 1126 550 1185 ita
570 1128 664 1186 factus
686 1126 747 1186 sive
768 1128 851 1203 quod
871 1146 932 1185 non
952 1136 1125 1187 consuesset
1144 1123 1207 1184 sive

205 1226 287 1301 quod
302 1245 364 1284 non
379 1234 488 1284 nosset.
530 1225 601 1283 Hoc
615 1244 709 1283 unum
723 1222 773 1297 illi,
790 1223 814 1283 si
829 1222 902 1283 nihil
917 1222 1050 1282 utilitatis
1065 1222 1206 1295 habebat,
1223 1238 1253 1273 ¹0

144 1340 191 1395 πῃ
205 1320 297 1396 afuit3
327 1320 351 1380 si
372 1341 448 1398 opus
469 1332 541 1395 erat,
561 1321 664 1381 defuit.
708 1320 790 1396 Quin
814 1320 904 1380 etiam
927 1319 1059 1394 memini,
1082 1340 1151 1379 cum
1175 1318 1206 1378 in

204 1417 395 1479 accusatione
415 1438 469 1477 sua
488 1419 526 1494 Q.
543 1417 641 1510 Gallio
662 1417 777 1478 crimini
799 1417 930 1478 dedisset
951 1416 1008 1477 sibi
1029 1437 1098 1476 eum
1120 1437 1208 1476 vene-

205 1536 277 1574 num
300 1514 448 1592 paravisse
470 1514 562 1592 idque
583 1536 602 1575 a
623 1535 655 1575 se
677 1535 742 1576 esse
763 1517 942 1592 deprensum
966 1533 1092 1590 seseque
1112 1513 1206 1573 chiro

205 1614 316 1690 grapha
337 1612 559 1673 testificationes
587 1612 697 1673 indicia
719 1612 909 1690 quaestiones
931 1611 1119 1672 manifestam
1141 1632 1204 1671 rem

204 1712 318 1772 deferre
334 1709 446 1770 diceret
465 1711 563 1787 deque
582 1729 619 1770 eo
637 1710 761 1770 crimine
781 1721 917 1771 accurate
936 1720 966 1770 et
984 1708 1129 1786 exquisite
1148 1707 1206 1768 dis·
1222 1727 1250 1777 ³5

205 1806 373 1884 putavisset,
397 1807 497 1867 mein
519 1809 737 1884 respondenda
761 1827 830 1868 cum
847 1821 948 1867 'essem
972 1817 1204 1883 argumentatus,

206 1916 350 1982 quantum
371 1924 417 1964 res
438 1903 559 1978 ferebat,
582 1906 641 1964 hoc
664 1903 762 1981 ipsum
783 1903 873 1963 etiam
894 1902 1030 1981 posuisse
1050 1923 1105 1981 pro
1124 1923 1208 1981 argu-

205 2014 316 2075 mento,
327 2003 410 2078 quod
424 2002 480 2074 ille,
497 2022 566 2061 curn
580 2013 695 2079 pestem
710 2001 815 2079 capitis
830 2000 883 2074 sui,
895 2022 963 2061 cum
978 2000 1089 2061 indicia
1103 2000 1207 2061 mortis

206 2120 237 2160 se
252 2098 432 2177 comperisse
447 2097 603 2159 manifesto
622 2111 652 2158 et
671 2118 762 2158 manu
782 2110 883 2159 tenere
897 2097 1017 2172 diceret,
1033 2110 1094 2158 tam
1109 2100 1206 2159 solute

145 2207 191 2271 278
206 2196 320 2274 egisset,
341 2208 402 2256 tarn
424 2195 536 2268 leniter,
553 2207 614 2256 tam
636 2196 802 2257 oscitanter.
847 2199 913 2255 ‘Tu
934 2196 1019 2269 istuc,
1036 2198 1079 2256 Μ.
1097 2195 1204 2270 Calidi,
1221 2209 1253 2244 ²0

205 2293 266 2365 nisi,
283 2295 416 2372 fingeres,
439 2293 482 2354 sic
505 2297 630 2370 ageres?
664 2293 835 2371 praesertim
861 2313 930 2353 cum
955 2293 1010 2353 ista
1034 2293 1206 2370 eloquentia

187 2392 369 2452 ¹alienorum
397 2390 555 2451 hominum
583 2389 714 2469 pericula
741 2392 903 2450 defendere
929 2389 1071 2450 acerrime
1099 2393 1204 2464 soleas,

206 2501 291 2549 tuum
306 2491 498 2566 neglegeres?
538 2488 599 2548 Vbi
614 2490 723 2550 dolor?
751 2488 804 2549 ubi
825 2489 913 2549 ardor
932 2486 1033 2561 animi,
1049 2487 1101 2565 qui
1115 2487 1205 2548 etiam

206 2608 241 2646 ex
255 2585 412 2646 infantium
427 2585 552 2664 ingeniis
567 2585 674 2647 elicere
687 2606 775 2646 voces
790 2597 820 2647 et
833 2587 968 2663 querelas
983 2586 1080 2646 solet?
1115 2587 1206 2645 Nulla

205 2683 387 2761 perturbatio
407 2683 507 2755 animi,
525 2685 607 2743 nulla
627 2683 767 2761 corporis,
789 2703 851 2743 non
872 2684 953 2743 frons
973 2702 1121 2760 percussa,
1143 2702 1205 2749 non
1221 2695 1251 2744 ²5

205 2783 302 2840 femur
312 2802 319 2853 ;
340 2780 434 2858 pedis,
451 2781 532 2858 quod
547 2780 705 2839 minimum
724 2792 779 2855 est,
793 2782 875 2840 nulla
893 2779 1054 2859 supplosio.
1098 2782 1206 2858 Itaque

206 2890 322 2938 tantum
339 2877 412 2937 afuit
435 2888 468 2936 ut
488 2877 687 2937 inflammares
708 2889 825 2939 nostros
844 2877 968 2951 animos,
990 2897 1130 2938 somnum
1149 2877 1207 2938 isto

205 2977 274 3035 loco
291 2975 339 3034 vix
356 2975 549 3035 tenebamus.’
591 2974 640 3035 Sic
660 2995 716 3035 nos
739 2975 848 3034 summi
869 2976 992 3037 oratoris
1013 2977 1060 3035 vel
1081 2975 1208 3036 sanitate

206 3074 252 3133 vel
273 3072 345 3132 vitio
366 3091 420 3148 pro
440 3082 615 3149 argumento
635 3073 675 3132 ad
696 3071 872 3133 diluendum
894 3072 1007 3133 crimen
1027 3071 1073 3132 usi
1094 3076 1206 3132 sumus.

240 3247 255 3289 4
273 3226 472 3279 devinceretL:
491 3244 552 3278 corr.
566 3227 642 3277 Mega
767 3244 782 3291 5
801 3236 878 3291 atque
896 3229 983 3278 FOG:
1001 3229 1064 3277 etC
1178 3244 1209 3277 ro

208 3302 295 3344 nosset
306 3295 447 3342 Friedrich:
465 3301 553 3356 posset
564 3291 588 3341 L
672 3308 702 3340 12
719 3294 818 3342 crimini
830 3295 897 3356 vulg.
910 3311 917 3343 r
934 3292 1076 3342 crimineL
1178 3310 1208 3356 15

208 3359 296 3408 differe
313 3357 354 3408 L:
371 3375 432 3409 corr.
445 3358 487 3406 M²
596 3360 625 3406 18
642 3356 750 3408 insidias
762 3360 852 3408 mortis
864 3361 953 3408 maluit
964 3359 1063 3422 Kayser
1177 3375 1209 3420 19

209 3426 365 3486 comperisse
376 3440 409 3474 m.
424 3431 451 3472 et
461 3425 515 3473 secl.
529 3423 661 3471 Eberhard
773 3439 802 3472 21
821 3440 878 3472 curn
889 3423 912 3471 L
994 3439 1092 3473 summa
1105 3423 1209 3473 Mariba

208 3491 359 3551 praesertim
373 3489 422 3538 ista
435 3491 597 3552 eloquentia:
613 3504 670 3537 cum
682 3489 824 3538 Lambinus
978 3506 1009 3537 aa
1026 3490 1110 3538 soleas
1122 3491 1189 3553 vulg.
1202 3506 1208 3537 ι

208 3556 277 3602 soles
288 3551 312 3601 L
423 3571 455 3617 25
472 3570 524 3604 non
537 3555 609 3603 frons
623 3553 725 3616 Quintil.
738 3556 776 3603 xi.
786 3568 812 3614 3.
826 3568 890 3614 123:
905 3555 978 3604 frons
989 3571 1042 3604 non
1054 3552 1078 3602 L
1176 3570 1208 3616 η

208 3620 281 3668 abest
294 3621 396 3682 Que‘ntil.
