2588 4178
138 207 229 268 81281
464 211 508 269 M.
537 209 666 268 TVLLI
695 206 927 270 CICERONIS

184 397 217 438 se
239 397 337 439 meam
360 376 544 452 contulisset,
567 383 656 454 saepe
678 375 772 456 egisse
794 397 843 436 me
865 375 997 449 arbitror,
1020 395 1089 436 cum
1111 394 1180 435 eum

185 477 378 536 vehementer
398 477 530 536 hortarer
552 486 585 535 ut
604 495 670 535 eam
690 473 786 535 laudis
805 465 884 534 viam
902 473 1096 534 rectissimam
1116 492 1181 532 esse

48 625 49 630 ,
124 582 171 632 282
186 575 308 633 duceret
328 592 419 649 quam
444 573 570 634 maiores
598 572 662 634 eius
686 571 714 632 ei
741 572 840 638 tritam
862 570 1057 650 reliquissent.
1110 558 1182 630 Erat

186 669 355 731 enimcum
377 669 529 730 institutus
551 669 664 748 optime
686 680 750 729 tum
775 669 865 731 etiam
883 671 1012 747 perfecte
1033 671 1183 746 planeque

185 766 326 840 eruditus,
341 766 495 844 ineratque
516 778 547 827 et
564 766 716 845 ingenium
738 767 808 828 satis
829 787 897 828 acre
918 778 948 829 et
965 765 1106 828 orationis
1121 784 1182 825 non
1197 774 1211 826 ⁵

185 864 336 942 inelegans
357 864 462 942 copia;
489 877 699 942 praetereaque
721 865 786 926 sine
804 864 977 943 adrogantia
998 863 1093 943 gravis
1118 883 1183 923 esse

185 952 341 1022 videbatur
362 972 391 1022 et
411 961 475 1022 sine
496 961 620 1038 segnitia
641 965 847 1023 verecundus.¹
878 963 939 1023 Sed
959 964 1040 1022 hunc
1061 980 1183 1038 quoque

186 1058 339 1120 absorbuit
361 1070 460 1120 aestus
485 1059 608 1136 quidam
633 1059 769 1120 insolitae
791 1052 1033 1120 adulescentibus
1054 1057 1165 1136 gloriae
1175 1078 1184 1131 3

187 1155 237 1234 qui
266 1155 336 1233 quia
363 1168 483 1217 navarat
511 1155 596 1216 miles
624 1176 746 1234 operam
771 1155 949 1234 imperatori,
973 1155 1182 1240 imperatorem

186 1273 218 1314 se
240 1252 338 1314 statim
358 1273 423 1314 esse
443 1252 593 1331 cupiebat,
607 1253 656 1313 cui
675 1253 790 1315 muneri
807 1274 873 1314 mos
890 1253 1036 1315 maiorum
1053 1263 1182 1314 aetatem
1198 1255 1231 1297 10

186 1346 305 1424 certam,
322 1362 432 1410 sortem
447 1350 589 1410 incertam
604 1350 730 1429 reliquit.
774 1354 821 1412 Ita
834 1351 1017 1429 gravissumo
1032 1370 1087 1411 suo
1096 1366 1182 1424 casu,

187 1451 260 1508 dum
275 1447 345 1525 Cyri
359 1459 388 1508 et
402 1449 563 1508 Alexandri
578 1447 681 1508 similis
695 1469 760 1509 esse
774 1449 876 1523 voluit,
892 1449 944 1527 qui
958 1468 1046 1510 suum
1064 1467 1184 1508 cursum

177 1556 435 1618 transcurrerantp
450 1556 479 1606 et
507 1548 540 1605 L.
564 1545 664 1607 Crassi
691 1557 721 1606 et
749 1548 910 1607 multorum
940 1543 1114 1609 Crassorum
1142 1544 1185 1604 in-

186 1634 293 1703 ventus
313 1655 358 1703 est
379 1641 602 1703 dissimillimus:
646 1645 706 1703 Sed
727 1645 766 1703 ad
783 1643 976 1705 Calvum-is
993 1643 1074 1703 enim
1096 1640 1184 1701 nobis

186 1738 679 1816 eratpropositus-revertamu13
705 1739 757 1817 qui
783 1730 881 1802 orator
902 1739 957 1800 fuit
985 1760 1054 1800 cum
1079 1738 1184 1799 litteris
1200 1748 1230 1796 15

187 1835 329 1904 eruditior
351 1855 441 1913 quam
463 1836 555 1898 Curio
576 1849 639 1898 tum
665 1836 754 1896 etiam
777 1837 943 1898 accuratius
965 1825 1119 1915 quoddam
1142 1835 1185 1896 di-

187 1933 276 1994 cendi
304 1944 334 1994 et
362 1933 534 2011 exquisitius
563 1935 715 1995 adferebat
742 1955 836 2012 genus
847 1957 855 2010 ;
889 1936 971 2012 quod
1000 1954 1183 2012 quamquam

187 2028 314 2092 scienter
328 2033 537 2110 eleganterque
554 2033 708 2107 tractabat,
723 2031 848 2095 nimium
869 2043 969 2093 tamen
986 2031 1139 2110 inquirens
1154 2031 1185 2090 in

187 2149 219 2189 se
253 2141 344 2206 atque
372 2128 435 2205 ipse
464 2149 529 2190 sese
560 2130 721 2190 observans
753 2139 950 2208 metuensque
977 2149 1017 2190 ne
1043 2128 1184 2189 vitiosum
1247 2181 1249 2185 ,

188 2225 347 2302 colligeret,
362 2225 452 2287 etiam
464 2247 566 2288 verum
581 2226 755 2305 sanguinem
771 2227 961 2303 deperdebat
998 2228 1107 2304 Itaque
1121 2226 1185 2286 eius
1202 2241 1233 2278 20

188 2323 283 2384 oratio
302 2322 394 2384 nimia
414 2323 554 2401 religione
575 2335 727 2386 attenuata
746 2324 843 2385 doctis
862 2334 892 2384 et
910 2335 1023 2384 attente
1041 2323 1189 2384 audienti·-

189 2420 246 2480 bus
264 2431 325 2479 erat
346 2419 484 2494 inlustris,
503 2443 522 2480 a
540 2421 732 2481 multitudine
752 2431 852 2481 autem
875 2432 904 2481 et
922 2441 941 2480 a
959 2423 1031 2494 foro,
1049 2420 1098 2481 cui
1117 2432 1186 2479 nata

189 2517 361 2594 eloquentia
375 2529 428 2592 est,
444 2519 648 2579 devorabatur.
666 2570 667 2573 ,

128 2637 177 2698 284
230 2617 310 2674 Tum
340 2616 468 2676 Brutus:
503 2615 637 2676 Atticum
666 2637 706 2686 se,
736 2614 840 2693 inquit,
871 2616 982 2678 Calvus
1004 2627 1104 2677 noster
1126 2615 1186 2678 dici

60 2777 63 2784 ,
190 2722 337 2772 oratorem
366 2714 503 2773 volebat:
533 2713 604 2773 inde
629 2725 691 2773 erat
718 2712 774 2774 ista
801 2712 915 2790 exilitas
942 2727 1033 2792 quam
1066 2713 1116 2774 ille
1147 2716 1186 2774 de
1202 2728 1231 2776 ²5

190 2808 335 2870 industria
363 2810 610 2887 consequebatur.
655 2810 794 2885 Dicebat,
822 2810 953 2888 inquam,
983 2810 1042 2885 ita,
1076 2812 1130 2872 sed
1157 2823 1188 2872 et

191 2905 255 2984 ipse
279 2899 394 2968 errabat
419 2918 448 2967 et
472 2906 546 2967 alios
565 2907 655 2967 etiam
678 2929 773 2968 errare
797 2909 930 2989 cogebat.
975 2910 1053 2968 Nam
1076 2908 1100 2968 si
1121 2907 1188 2985 quis

192 3024 244 3065 eos
266 3003 317 3082 qui
342 3025 398 3082 nec
424 3004 524 3082 inepte
546 3004 650 3067 dicunt
671 3025 737 3066 nec·
751 3005 856 3086 odiose
884 3026 940 3065 nec
964 3005 1068 3084 putide
1088 3005 1189 3066 Attice

192 3112 276 3180 putat
301 3101 407 3175 dicere,
431 3101 456 3166 is
477 3100 556 3162 recte
577 3101 633 3161 nisi
654 3101 788 3163 Atticum
810 3103 917 3181 probat
936 3103 1096 3163 neminem.
1141 3105 1190 3163 In·

135 1600 175 1658 82

127 1693 174 1755 ²⁸3

227 3276 242 3318 4
260 3257 374 3318 perfecte
391 3257 519 3306 litteratus
535 3254 640 3320 Stangl:
661 3258 756 3306 notavit
771 3258 888 3306 lamnam
900 3257 973 3318 Jahn
1118 3258 1134 3304 8
1151 3258 1189 3306 in·

193 3323 284 3372 solitae
304 3320 344 3368 L:
369 3337 422 3370 non
441 3322 560 3370 insolitae
579 3321 632 3371 edd.
652 3328 706 3371 vett.
721 3340 727 3371 :
744 3323 834 3372 insitae
851 3322 944 3386 Campe
1043 3338 1073 3371 10
1089 3324 1189 3371 muneri

112 3403 114 3408 ’
193 3387 284 3449 vulga:
312 3403 419 3436 munere
441 3388 464 3435 L
508 3418 509 3421 =
588 3389 710 3436 maiorum
730 3389 814 3452 vulg:
832 3387 989 3437 malorumL
1091 3404 1120 3450 15
1143 3389 1191 3437 fuit

197 3452 339 3501 Corradus:
354 3450 494 3502 fuissetL:
519 3452 635 3507 suissetr
653 3452 794 3502 Friedrich:
817 3469 875 3502 cum
893 3453 983 3503 fnisset
999 3449 1109 3502 Schultz:
1133 3469 1189 3502 cum

91 3574 93 3577 ¹
195 3524 265 3566 esset
275 3517 371 3566 Piderit
474 3533 507 3567 ao
525 3517 738 3579 dependebatL:
755 3533 815 3568 corr.
829 3518 947 3568 F²o²at
1056 3533 1086 3566 aa
1103 3517 1187 3569 aadd.

195 3584 261 3648 vag.
