2588 4178
286 175 343 234 DE
365 175 532 237 OPTIMO
554 176 729 236 GENERE
751 174 995 238 ORATORVM
1125 188 1190 250 720

142 351 176 399 ut
203 351 233 400 et
261 339 424 402 rationibus
455 360 517 402 non
545 339 643 401 relatis
670 359 781 402 corona
808 342 968 401 donaretur
995 351 1024 401 et
1052 353 1085 401 ut
1112 341 1143 401 in

141 439 270 514 theatro,
285 451 315 499 et
335 440 418 517 quod
439 440 478 499 de
498 438 605 500 virtute
626 437 689 499 eius
710 449 740 499 et
761 438 969 500 benevolentia
987 441 1060 499 salsa
1077 438 1144 500 scri-

142 535 257 614 psisset,
280 557 349 601 cum
372 539 592 598 Demosthenes
617 557 673 597 nec
693 536 737 598 vir
758 537 856 598 bonus
881 549 957 598 esset
982 557 1038 597 nec
1066 537 1143 598 bene

144 633 266 694 meritus
289 636 328 695 de
350 633 476 695 civitate.
521 635 620 697 Causa
644 633 708 713 ipsa
735 635 874 695 abhorret
901 633 951 695 illa
978 635 1101 712 quidem
1125 654 1144 694 a

115 733 271 799 5lormula
298 731 523 793 consuetudinis
554 744 681 807 nostrae,
711 735 764 794 sed
796 743 841 793 est
871 753 986 811 magna.
1041 733 1143 792 Habet

143 828 224 889 enim
246 840 276 890 et
296 832 395 908 legum
417 829 689 909 interpretationem
711 829 781 891 satis
801 841 920 891 acutam
937 831 968 890 in
988 842 1144 908 utramque

142 940 258 1004 partem
279 939 309 988 et
330 927 502 989 meritorum
523 929 555 989 in
574 949 636 989 rem
657 927 809 1007 publicam
829 928 1053 989 contentionem
1073 948 1144 988 sane

141 1045 269 1103 gravem.
314 1028 421 1104 Itaque
449 1047 538 1087 causa
565 1025 621 1086 fuit
639 1024 790 1098 Aeschini,
813 1046 882 1086 cum
907 1024 971 1104 ipse
994 1044 1013 1084 a
1035 1027 1145 1085 Demo
1159 1045 1185 1078 21

142 1125 249 1184 sthene
271 1134 349 1184 esset
373 1123 477 1202 capitis
498 1134 662 1197 accusatus,
683 1125 766 1200 quod
784 1124 963 1202 legationem
984 1123 1144 1183 ementitus

99 1242 129 1278 ro
143 1232 230 1295 esset,
259 1232 292 1280 ut
325 1220 488 1283 ulciscendi
519 1220 632 1281 inimici
666 1241 756 1282 causa
789 1220 912 1282 nomine
940 1220 1144 1299 Ctesiphontis

143 1317 288 1378 iudicium
303 1319 386 1378 fieret
400 1320 438 1380 de
453 1318 538 1379 sactis
552 1320 691 1396 famaque
706 1316 928 1391 Demosthenis.
972 1320 1044 1378 Non
1063 1317 1142 1377 enim

143 1427 204 1474 tam
224 1418 317 1475 multa
330 1418 410 1475 dtar't
421 1417 460 1476 de
475 1415 639 1476 rationibus
653 1435 715 1476 non
729 1414 835 1489 relatis,
851 1435 942 1493 quam
956 1409 996 1475 de
1009 1435 1047 1475 eo
1061 1416 1144 1492 quod

143 1512 216 1574 civis
240 1511 394 1592 improbus
415 1525 449 1573 ut
468 1513 599 1592 optimus
620 1515 756 1574 laudatus
776 1525 861 1573 esset.
907 1515 997 1573 Hanc
1019 1515 1143 1573 multam
1160 1538 1188 1572 η

144 1609 310 1671 Aeschines
327 1630 345 1670 a
365 1611 562 1691 Ctesiphonte
582 1610 686 1690 petivit
706 1610 903 1689 quadriennio
924 1623 994 1671 ante
1015 1611 1145 1690 Philippi

100 1728 128 1776 ¹⁵
146 1708 324 1770 Macedonis
339 1721 485 1784 mortem;
506 1711 560 1770 sed
573 1708 717 1770 iudicium
736 1710 908 1770 factumest
926 1708 1039 1786 aliquot
1058 1709 1144 1769 annis

143 1819 212 1885 post
239 1808 410 1868 Alexandro
438 1807 497 1867 iam
526 1807 629 1867 Asiam
654 1818 775 1868 tenente
785 1829 794 1881 ;
823 1808 863 1867 ad
891 1809 974 1884 quod
1001 1806 1144 1868 iudicium

143 1925 305 1966 concursus
326 1905 434 1966 dicitur
456 1926 473 1966 e
493 1916 556 1966 tota
579 1904 705 1967 Graecia
725 1906 819 1966 factus
842 1925 915 1966 esse.
959 1904 1041 1982 Quid
1064 1905 1144 1966 enim

143 2017 205 2064 tam
232 2014 284 2064 aut
308 2003 466 2065 visendum
490 2014 542 2064 aut
563 2003 748 2065 audiendum
772 2002 828 2063 fuit
848 2023 939 2081 quam
960 2022 1145 2063 summorum

144 2114 295 2162 oratorum
309 2101 341 2162 in
352 2101 528 2181 gravissima
545 2122 636 2162 causa
649 2112 787 2163 accurata
801 2111 830 2162 et
849 2099 1010 2160 inimicitiis
1024 2100 1146 2161 incensa

98 2222 130 2257 πο
145 2200 322 2261 contentio?
364 2202 501 2277 Quorum
521 2221 576 2280 ego
596 2200 745 2261 orationes
764 2198 797 2274 si,
812 2212 846 2259 ut
865 2218 960 2277 spero,
975 2197 1017 2258 ita
1033 2219 1146 2277 expres·
1161 2227 1191 2274 23

144 2319 210 2360 sero
231 2298 389 2360 virtutibus
410 2310 497 2360 utens
518 2299 636 2360 illorum
657 2297 809 2373 omnibus,
824 2296 856 2358 id
877 2309 922 2357 est
943 2296 1096 2356 sententiis
1117 2307 1147 2357 et

144 2417 246 2458 earum
261 2396 360 2475 figuris
375 2409 405 2457 et
419 2417 516 2457 rerum
536 2396 648 2470 ordine,
664 2395 755 2456 verba
768 2414 950 2473 persequens
968 2406 1098 2468 eatenus,
1114 2402 1147 2454 ut

143 2515 178 2556 ea
193 2515 255 2554 non
268 2494 448 2562 abhorreant
462 2514 480 2554 a
495 2514 578 2555 more
598 2505 820 2571 nostro--quae
834 2492 859 2553 si
873 2514 890 2554 e
905 2491 1026 2554 Graecis
1045 2493 1147 2553 omnia

143 2612 287 2654 conversa
299 2612 362 2653 non
376 2603 470 2666 erunt,
487 2603 588 2652 tamen
602 2603 635 2652 ut
647 2589 763 2670 generis
778 2589 913 2651 eiusdem
933 2589 999 2664 sint,
1015 2591 1146 2651 elabora-

98 2709 128 2760 25
143 2691 290 2764 vimus-,
311 2690 365 2751 erit
386 2692 494 2768 regula,
516 2692 555 2751 ad
576 2709 668 2768 quam
689 2709 793 2750 eorum
814 2688 976 2768 dirigantur
997 2688 1144 2750 orationes

143 2789 195 2867 qui
209 2788 310 2850 Attice
328 2790 430 2850 volent
451 2788 558 2850 dicere.
601 2789 662 2849 Sed
681 2789 720 2848 de
741 2786 829 2847 nobis
851 2786 928 2846 satis.
973 2785 1145 2864 Aliquando

144 2887 224 2948 enim
238 2886 420 2948 Aeschinem
435 2885 534 2965 ipsum
549 2885 655 2947 Latine
670 2886 819 2946 dicentem
834 2883 998 2945 audiamus.

178 3057 209 3092 ra
226 3043 291 3092 dixit
303 3041 360 3092 add.
373 3043 442 3106 vulg.
568 3055 601 3090 ao
617 3054 667 3102 ego
679 3039 766 3103 vulga:
783 3053 844 3102 ergo
858 3038 906 3088 GP
984 3037 1007 3086 si
1019 3043 1047 3086 ut
1058 3039 1124 3102 vulg.
1138 3055 1144 3085 ε

143 3110 209 3159 sicut
221 3107 287 3158 codd.
422 3122 455 3170 ⁰3
472 3121 488 3156 e
506 3107 595 3158 om.G
728 3120 761 3166 24
781 3105 966 3154 elaborabimus
982 3102 1067 3154 codd:
1085 3120 1143 3153 corr.

145 3174 317 3236 Hieronymus
