2588 4178
533 198 698 259 BRVTVS
1083 203 1162 270 1246

110 376 172 434 que
187 356 279 418 fuisse
293 369 323 418 et
341 370 457 436 paratas
471 378 490 419 a
504 361 665 438 Protagora
684 379 781 421 rerum
803 358 970 419 inlustrium
985 359 1115 436 disputa·

110 454 221 528 tiones,
243 455 296 532 qui
316 477 397 517 nunc
418 477 596 518 communes
615 459 803 536 appellantur
823 456 882 517 loci
892 478 901 531 ;
928 458 1011 535 quod
1031 457 1112 517 idem
1128 478 1160 530 ⁴7

109 551 220 613 fecisse
241 553 392 631 Gorgiam,
413 575 503 633 quem
523 554 705 633 singularum
725 575 823 616 rerum
845 556 949 616 laudes
970 555 1115 633 vitupera·

21 651 26 660 ’
109 649 271 727 tionesque
293 652 513 730 conscripsisse,
535 654 618 731 quod
646 652 789 714 iudicaret
811 655 870 714 hoc
897 652 1021 713 oratoris
1049 672 1114 714 esse

81 746 242 816 5rnaxime
263 749 425 827 proprium,
449 770 512 810 rem
533 770 641 828 augere
662 770 751 828 posse
775 752 927 811 laudando
947 750 1115 828 vituperan-

109 847 215 923 doque
243 865 342 907 rursus
370 847 516 926 affligere;
550 847 620 910 huic
644 847 863 926 Antiphontem
892 848 1113 909 Rhamnusium

109 941 221 1004 similia
240 947 389 1020 quaedam
415 945 555 1007 habuisse
579 945 766 1023 conscripta;
790 965 851 1023 quo
875 945 1027 1007 neminem
1050 966 1113 1006 um-

109 1061 204 1119 quam
229 1041 335 1104 melius
358 1045 449 1104 ullam
472 1043 601 1104 oravisse
625 1042 730 1122 capitis
752 1063 882 1116 causam,
904 1063 974 1104 cum
995 1063 1027 1104 se
1048 1042 1113 1121 ipse

108 1140 295 1213 defenderet,
319 1138 365 1222 [se
391 1138 545 1223 audiente]
570 1144 704 1220 locuples
727 1153 832 1202 auctor
855 1140 970 1219 scripsit
994 1142 1113 1218 Thucy·

65 1255 96 1291 10
109 1238 198 1300 dides
209 1259 218 1311 3
250 1257 320 1300 nam
349 1239 469 1316 Lysiam
497 1239 593 1318 primo
621 1238 752 1318 profiteri
779 1238 900 1300 solitum
927 1251 1021 1300 artem
1046 1258 1112 1300 esse
1125 1235 1159 1300 48

109 1336 252 1413 dicendi;
276 1337 397 1410 deinde,
419 1339 502 1415 quod
523 1339 702 1398 Theodorus
723 1349 802 1398 esset
826 1336 857 1396 in
879 1349 942 1397 arte
966 1336 1110 1410 subtilior,

108 1434 140 1495 in
162 1436 348 1497 orationibus
365 1447 466 1496 autem
486 1435 621 1509 ieiunior,
637 1435 787 1496 orationes
808 1455 877 1495 eum
899 1435 1027 1496 scribere
1047 1434 1112 1495 aliis

109 1534 256 1612 coepisse,
271 1546 365 1594 artem
380 1533 561 1607 removisse;
581 1533 715 1594 similiter
729 1535 893 1593 Isocratem
907 1532 1004 1610 primo
1017 1544 1111 1593 artem

109 1631 232 1694 dicendi
242 1652 308 1693 esse
320 1630 482 1709 negavisse,
493 1631 621 1692 scribere
631 1642 732 1692 autem
744 1630 809 1691 aliis
820 1629 940 1692 solitum
952 1629 1110 1704 orationes,

64 1754 93 1804 15
109 1729 221 1808 quibus
243 1730 275 1790 in
299 1729 418 1790 iudiciis
441 1740 613 1804 uterentur;
644 1731 698 1790 sed
718 1748 789 1790 cum
810 1748 846 1789 ex
866 1748 913 1801 eo,
936 1727 1006 1807 quia
1026 1727 1111 1806 quasi

108 1828 311 1889 committeret
331 1839 435 1888 contra
454 1828 551 1905 legem
570 1833 648 1905 ‘quo
667 1826 734 1904 quis
755 1825 867 1887 iudicio
887 1823 1111 1887 circumvenire

107 1929 175 1999 tur,’
188 1947 279 2005 saepe
298 1926 362 2004 ipse
381 1924 414 1985 in
432 1924 576 1986 iudicium
593 1934 755 1997 vocaretur,
771 1923 920 1985 orationes
939 1923 1003 1984 aliis
1023 1923 1111 1985 desti·

107 2023 180 2084 tisse
190 2024 320 2085 scribere
330 2035 488 2100 totumque
499 2043 531 2114 se
541 2025 580 2084 ad
591 2034 668 2083 artes
679 2024 905 2100 componendas
917 2022 1107 2083 transtulisse.
1123 2060 1157 2118 13

108 2123 148 2182 Et
164 2120 308 2182 Graeciae
321 2120 444 2200 quidem
462 2127 612 2182 oratorum
631 2131 732 2199 partus
750 2131 841 2198 atque
858 2120 948 2181 fontis
963 2120 1054 2194 vides,
1069 2122 1109 2181 ad
1123 2149 1156 2202 49

63 2244 94 2280 ro
106 2229 279 2279 nostrorum
295 2218 448 2279 annalium
468 2218 613 2279 rationem
628 2229 750 2291 veteres,
765 2219 805 2278 ad
825 2216 957 2294 ipsorum
977 2238 1049 2279 sane
1068 2238 1110 2279 re·

105 2325 219 2376 centes
263 2318 343 2376 Nam
357 2327 427 2376 ante
440 2335 531 2393 quam
546 2317 693 2380 delectata
706 2326 752 2375 est
762 2314 991 2375 Atheniensium
1006 2315 1109 2376 civitas

105 2415 164 2474 hac
182 2415 272 2475 laude
291 2413 422 2488 dicendi,
438 2415 532 2474 multa
550 2412 610 2474 iam
628 2412 833 2473 memorabilia
846 2425 877 2473 et
890 2412 921 2472 in
936 2412 1108 2474 domesticis

104 2523 136 2572 et
152 2511 183 2572 in
199 2511 313 2573 bellicis
327 2513 416 2574 rebus
431 2513 575 2582 effecerat
621 2514 692 2572 Hoc
706 2523 806 2571 autem
822 2510 954 2571 studium
969 2532 1031 2572 non
1046 2522 1108 2571 erat

104 2629 271 2670 commune
286 2608 438 2683 Graeciae,
454 2609 507 2669 sed
524 2606 678 2686 proprium
692 2610 886 2668 Athenarum.
931 2607 1007 2684 Quis
1026 2607 1107 2668 enim
1122 2623 1155 2675 50

59 2733 89 2783 ²5
103 2719 159 2768 aut
177 2706 322 2784 Argivum
341 2717 489 2767 oratorem
510 2716 562 2766 aut
576 2704 767 2766 Corinthium
786 2717 838 2766 aut
851 2705 1033 2765 Thebanum
1052 2705 1108 2765 scit

103 2804 198 2865 luisse
220 2803 406 2882 temporibus
430 2802 512 2863 illis?
541 2801 598 2862 nisi
622 2803 696 2879 quid
720 2804 760 2863 de
783 2802 995 2880 Epaminonda
1017 2805 1107 2863 docto

102 2901 229 2962 homine
257 2900 401 2980 suspicari
425 2900 507 2961 liber„
560 2899 835 2961 Lacedaemonium
857 2919 928 2960 vero
952 2901 1108 2977 usquead

102 3003 165 3060 hoc
193 3011 311 3078 tempus
338 2998 439 3060 audivi
466 2997 557 3060 fuisse
585 2998 745 3059 neminem
804 3000 977 3058 Menelaum
1009 2997 1107 3076 ipsum

137 3171 153 3202 ο
170 3155 212 3218 qui
225 3153 356 3203 Eberhard
363 3172 369 3204 ε
386 3153 484 3217 quaeL
547 3169 571 3216 3,
583 3171 598 3216 4
615 3169 746 3216 quem...
760 3153 944 3214 conscripsisse
952 3153 1033 3201 Bake:
1050 3167 1108 3202 curn

101 3258 108 3272 .
131 3256 138 3269 .
158 3257 165 3270 .
184 3219 379 3281 conscripsisset
396 3219 418 3267 L
516 3234 533 3280 9
550 3235 579 3267 se
595 3220 715 3268 audiente
733 3217 867 3266 damnavit
884 3218 978 3280 Campa
1077 3234 1108 3266 ro

101 3301 163 3336 nam
177 3284 215 3334 L:
231 3293 285 3334 tum
296 3284 440 3334 Eberhard:
456 3284 506 3333 iam
517 3283 612 3346 Stangl
674 3299 732 3332 esse
749 3284 801 3334 secl.
824 3284 892 3330 Bake
978 3298 1008 3343 13
1025 3283 1107 3344 primo

97 3352 155 3401 secl.
176 3349 308 3398 Eberhard
369 3357 474 3400 artem.
494 3385 500 3399 .
520 3385 526 3400 .
546 3349 681 3411 negavisse
697 3354 720 3396 et
735 3356 819 3398 autem
831 3350 884 3396 secl.
899 3347 996 3409 Kayser
1077 3362 1107 3409 15

100 3415 338 3544 llfzilffiffii,
354 3413 1109 3544 ,m‘ihilssllll‘f'lnultltllllllll-‘3

726 3544 740 3585 b

97 3605 175 3650 crtus
185 3604 263 3661 atque
274 3594 359 3648 ion'tes
367 3597 441 3659 Jahn
523 3611 554 3658 sp
571 3595 634 3645 libet
646 3594 686 3645 0:
703 3596 765 3644 licet
778 3593 816 3644 F:
833 3593 902 3643 lubet
914 3592 980 3642 codd
