2588 4178
103 193 212 269 38133
413 225 414 228 κ
440 197 485 256 Μ.
507 197 635 256 rvuur
658 196 891 259 c1csnonrs

101 379 149 430 134
160 375 212 424 aut
223 362 365 441 scripturn
376 373 526 440 negetaut
537 365 762 424 contrafactum
773 362 921 425 infitietur.
949 366 1023 426 Post
1032 363 1163 426 iudicem

160 462 200 521 ad
224 460 284 520 virn
310 459 410 538 scripti
431 472 526 521 vocet.
574 463 644 521 Hac
663 461 890 524 confirmatione
910 482 982 523 usus
1002 462 1166 540 amplificet

159 578 222 618 rem
251 560 316 636 lege
339 560 491 633 laudanda
517 557 735 636 audaciamque
762 562 897 621 confutet
920 559 984 621 eius
1007 560 1069 639 qui,
1095 581 1164 622 curn

159 658 258 734 palam
278 667 381 716 contra
399 655 501 717 fecerit
519 655 612 734 idque
631 658 764 731 fateatur,
780 657 859 719 adsit
872 669 973 719 tamen
990 660 1165 737 factumque

160 754 311 814 defendat.
359 752 478 814 Deinde
502 752 631 840 infirmet
652 755 867 829 defensionem,
888 776 958 816 cum
978 755 1190 822 adversariust

160 851 243 912 aliud
270 851 401 912 voluisse.
425 851 508 912 aliud
535 852 663 913 sensisse
691 852 872 932 scriptorem,
901 853 983 915 aliud
1011 854 1164 933 scripsisse

160 949 249 1023 dicat,
265 969 326 1010 non
346 969 411 1010 esse
430 951 585 1010 ferendum
605 970 790 1028 aquoquam
804 951 904 1029 potius
922 950 1022 1012 latoris
1042 972 1164 1013 sensum

160 1067 251 1125 quarn
272 1068 291 1108 a
311 1050 376 1126 lege
396 1047 542 1125 explicari.
586 1049 648 1110 Cur
668 1048 709 1108 ita
731 1048 890 1128 scripserit,
908 1049 933 1110 si
954 1049 996 1110 ita
1013 1070 1080 1111 non
1100 1071 1165 1111 sen·

160 1145 252 1206 serit?
286 1148 355 1220 Cur,
384 1167 454 1208 curn
482 1167 518 1208 ea
545 1166 622 1225 quae
649 1149 738 1224 plane
770 1147 880 1231 scripta
905 1147 966 1208 sint
993 1147 1162 1226 neglexerit,

160 1253 247 1320 quae
262 1265 411 1322 nusquam
435 1245 544 1324 scripta
567 1245 626 1305 sint
647 1247 797 1324 proferat?
831 1247 894 1308 Cur
914 1245 1163 1324 prudentissimos
1181 1259 1204 1294 ¹0

160 1340 191 1401 in
206 1342 365 1404 scribendo
376 1342 453 1405 viros
467 1364 602 1404 summae
617 1343 758 1404 stultitiae
772 1354 857 1421 putet
870 1364 936 1405 esse
950 1345 1164 1406 damnandos?

161 1439 244 1515 Quid
259 1440 427 1518 impedierit
440 1441 613 1520 scriptorem
628 1461 690 1519 quo
703 1441 803 1502 minus
817 1441 965 1519 exciperet
979 1441 1062 1514 illud,
1079 1444 1163 1520 quod

160 1537 352 1612 adversarius
373 1550 526 1616 tamquam
548 1538 573 1600 si
594 1551 751 1617 exceptum
772 1550 858 1612 esset,
876 1538 918 1598 ita
938 1559 970 1599 se
988 1539 1063 1600 dicit
1082 1560 1164 1600 secu-

101 1648 147 1699 135
161 1638 248 1695 tum?
281 1639 389 1696 Vtetur
406 1636 549 1715 exemplis
570 1637 613 1698 eis
637 1636 746 1715 quibus
764 1636 846 1698 idern
867 1636 992 1715 scriptor
1007 1648 1069 1710 aut,
1085 1637 1110 1698 si
1132 1637 1163 1698 id

160 1752 222 1792 non
246 1733 364 1810 poterit,
385 1733 494 1811 quibus
519 1734 568 1795 alii
590 1737 673 1812 quod
697 1733 907 1813 excipiendum
928 1734 1060 1813 putarint
1080 1755 1163 1797 exce·
1176 1749 1201 1800 ¹5

160 1830 264 1908 perint.
308 1833 488 1906 Quaerenda
508 1832 597 1892 etiarn
617 1831 691 1892 ratio
709 1844 762 1906 est,
784 1831 808 1892 si
824 1853 885 1910 qua
902 1831 1011 1910 poterit
1027 1831 1160 1906 inveniri,

160 1947 220 2004 qua
237 1947 267 1988 re
284 1948 346 1988 non
363 1928 400 1987 sit
414 1939 590 2006 exceptum:
614 1940 666 1989 aut
684 1927 787 2006 iniqua
803 1930 853 1990 lex
870 1939 922 1989 aut
936 1928 1049 1989 inutilis
1065 1932 1163 1990 sutura

160 2020 275 2081 dicetur
295 2033 347 2081 aut
367 2022 424 2081 alia
449 2042 538 2083 causa
562 2021 789 2100 obtemperandi
814 2021 871 2082 alia
894 2022 1078 2099 abrogandi3
1106 2021 1163 2083 dis·

160 2119 270 2180 sentire
287 2118 435 2180 adversari
456 2140 561 2181 vocem
585 2132 676 2197 atque
694 2122 775 2198 legis.
820 2119 939 2181 Deinde
958 2118 1162 2197 amplificandi

161 2237 250 2277 causa
278 2219 317 2277 de
348 2217 559 2278 conservandis
590 2217 713 2296 legibus,
743 2219 782 2278 de
812 2217 945 2295 periculo
973 2217 1161 2294 publicarum
1175 2227 1203 2265 ²0

105 2360 148 2420 39
161 2335 258 2375 rerum
278 2327 368 2393 atque
387 2315 565 2393 privatarum
587 2335 656 2376 curn
677 2315 742 2375 aliis
762 2314 837 2375 locis
855 2326 919 2374 tum
940 2314 972 2374 in
992 2316 1162 2392 perorando

100 2436 148 2499 13⁶
161 2412 289 2473 maxime
302 2413 428 2490 graviter
440 2413 495 2473 erit
508 2415 759 2490 vehementerque
773 2412 945 2473 dicendum.
986 2414 1041 2473 Ille
1060 2424 1161 2473 autern

161 2510 213 2587 qui
240 2531 272 2571 se
296 2510 447 2571 'sententia
474 2509 546 2588 legis
574 2522 604 2571 et
628 2512 781 2572 voluntate
809 2511 952 2571 defendet
975 2508 1006 2569 in
1035 2508 1162 2570 consilio

160 2620 250 2685 atque
274 2608 305 2668 in
333 2619 434 2669 mente
461 2608 619 2685 scriptoris,
642 2628 705 2668 non
733 2607 764 2667 in
788 2607 886 2669 verbis
913 2627 949 2667 ac
973 2606 1076 2667 litteris
1101 2605 1162 2666 virn

159 2706 232 2785 legis
245 2706 373 2784 positam
393 2726 457 2767 esse
477 2707 619 2768 defendet
633 2707 776 2784 quodque
795 2704 869 2765 nihil
888 2704 1037 2783 exceperit
1051 2704 1083 2764 in
1097 2703 1163 2782 lege
1177 2717 1203 2766 ²5

159 2804 301 2877 laudabit,
317 2825 355 2865 ne
374 2802 555 2865 deverticula
573 2803 703 2882 peccatis
722 2805 863 2864 darentur
882 2814 971 2880 atque
986 2813 1019 2861 ut
1033 2822 1069 2862 ex
1083 2803 1163 2862 lacto

159 2901 303 2979 cuiusque
324 2900 414 2962 iudex
434 2900 506 2978 legis
527 2912 660 2961 mentem
678 2900 925 2978 interpretaretur.
969 2898 1090 2960 Deinde
1108 2899 1163 2960 erit

159 3001 305 3060 utendum
328 2997 478 3077 exemplis,
499 2997 530 3058 in
552 2998 661 3076 quibus
686 2997 784 3059 omnis
806 2996 940 3076 aequitas
964 2997 1163 3074 perturbetur,

99 3099 145 3155 ut
160 3096 184 3156 si
201 3097 298 3157 verbis
317 3099 416 3174 legum
435 3117 471 3157 ac
490 3115 551 3157 non
571 3095 725 3156 sententiis
741 3105 885 3174 pareatur.
930 3093 1050 3154 Deinde
1066 3113 1162 3171 genus

159 3193 223 3265 eius
237 3194 320 3255 modi
334 3193 502 3255 calliditatis
519 3205 549 3254 et
562 3192 730 3254 calumniae
744 3195 875 3252 trahatur
889 3191 920 3252 in
934 3191 1039 3253 odium
1053 3190 1162 3252 iudicis
1176 3205 1207 3255 ³0

158 3312 227 3352 curn
239 3294 369 3369 quadarn
384 3290 531 3352 invidiosa
541 3293 679 3369 querella.
724 3293 764 3350 Et
778 3289 802 3350 si
816 3289 929 3351 incidet
942 3287 1163 3367 imprudentiae

159 3409 256 3464 causa,
272 3409 349 3467 quae
368 3409 431 3451 non
449 3392 489 3451 ad
503 3389 654 3462 delictum,
670 3391 725 3450 sed
736 3390 779 3449 ad
793 3408 896 3450 casum
915 3386 1163 3448 necessitatemve

192 3560 209 3606 3
225 3552 355 3608 computet
366 3543 406 3595 P:
422 3547 598 3608 anamputetl
615 3543 737 3593 Fn‘cdn'clr
834 3545 852 3592 6
868 3541 937 3592 aliud
949 3541 1063 3591 sensisse
1076 3541 1117 3590 1³:
1135 3549 1164 3591 et

161 3611 274 3661 sensisse
285 3610 379 3660 Piderit
475 3627 540 3674 9ea
551 3626 618 3673 quae
629 3609 715 3660 codd:
733 3607 801 3659 eaP
884 3609 916 3658 aa
933 3605 1165 3670 propendeturPr

159 3676 334 3741 perpendetur
339 3684 359 3741 p
