2588 4178
145 224 210 284 312
455 210 498 268 M.
521 210 649 269 svau
672 210 905 273 crcuaoms

177 379 280 455 Atque
294 387 326 437 ut
345 387 412 456 post
427 379 618 440 Cannensem
637 379 718 440 illam
737 379 937 444 calamitatem
955 378 1084 458 primum
1101 381 1179 439 Mar-

177 475 244 537 celli
254 476 293 535 ad
305 477 415 549 Nolam
429 476 543 554 proelio
557 479 686 556 populus
696 497 729 540 se
738 480 895 538 Romanus
909 477 1000 539 erexit
1014 487 1178 555 posteaque

176 592 335 651 prosperae
360 594 405 634 res
430 574 573 652 deinceps
597 577 709 637 multae
733 588 913 637 consecutae
940 585 1018 648 sunt,
1042 574 1085 635 sic
1109 585 1178 653 post

174 691 272 732 rerum
300 682 467 733 nostrarum
491 685 521 734 et
544 674 752 734 communium
776 674 963 752 gravissimos
991 693 1077 734 casus
1102 671 1177 732 nihil

173 778 244 829 ante
266 769 422 847 epistulam
449 770 533 831 Bruti
556 770 629 831 mihi
653 771 763 833 accidit
783 773 866 850 quod
887 773 994 832 vellem
1016 782 1068 831 aut
1092 771 1203 848 qu0d5

133 896 161 945 13
174 866 274 944 aliqua
288 887 324 928 ex
338 879 421 946 parte
435 867 650 930 sollicitudines
663 870 814 930 adlevaret
827 889 917 929 meas.
951 870 1032 928 Tum
1048 870 1175 928 Brutus:

174 964 266 1024 Volui
280 963 311 1024 id
325 964 449 1043 quidem
463 966 579 1027 efficere
593 976 673 1027 certe
687 977 718 1027 et
731 966 819 1044 capio
837 985 979 1044 magnum
996 968 1133 1037 fructum,
1150 964 1175 1024 si

173 1061 296 1139 quidem
311 1065 394 1140 quod
409 1062 490 1124 volui
509 1075 592 1124 tanta
610 1063 641 1123 in
656 1084 687 1125 re
702 1075 881 1136 consecutus
901 1084 976 1124 sum.
1020 1064 1080 1124 Sed
1100 1061 1175 1123 scire

173 1158 271 1237 cupio,
287 1179 365 1237 quae
379 1172 414 1221 te
431 1159 523 1221 Attici
543 1160 657 1222 litterae
676 1161 896 1222 delectaverint.
941 1163 1021 1221 Istae
1037 1180 1116 1234 vero,
1132 1158 1176 1220 in·

172 1276 272 1334 quam,
289 1259 390 1330 Brute,
409 1277 471 1318 non
493 1260 585 1320 modo
604 1259 836 1320 delectationem
855 1257 929 1318 mihi
950 1260 1004 1319 sed
1023 1257 1121 1330 etiam,
1141 1270 1174 1318 ut
1189 1276 1220 1315 ιο

171 1373 267 1432 spero,
284 1356 409 1415 salutem
425 1357 595 1416 attulerunt.
633 1358 788 1418 Salutem?
808 1355 905 1434 inquit
918 1355 976 1416 ille.
1008 1356 1172 1432 Quodnam

170 1453 293 1513 tandem
314 1472 409 1531 genus
430 1452 507 1513 istuc
529 1464 590 1513 tam
611 1455 796 1531 praeclarum
816 1453 979 1514 litterarum
1001 1452 1081 1513 fuit?
1123 1456 1173 1513 An

169 1548 243 1609 mihi
264 1549 369 1626 potuit,
386 1549 517 1628 inquam,
534 1570 600 1611 esse
619 1560 671 1610 aut
689 1551 798 1628 gratior
818 1552 879 1611 ulla
899 1549 1038 1611 salutatio
1059 1563 1111 1611 aut
1132 1551 1171 1610 ad

169 1649 228 1709 hoc
239 1660 358 1726 tempus
370 1648 468 1727 aptior
478 1670 569 1728 quam
584 1649 662 1710 illius
676 1649 743 1710 libri
752 1670 814 1728 quo
826 1669 874 1710 me
888 1649 937 1709 hic
951 1650 1069 1709 adfatus
1084 1648 1169 1727 quasi

125 1765 155 1818 ¹4
169 1744 317 1807 iacentem
338 1746 497 1808 excitavit?
537 1749 618 1807 Tum
639 1747 706 1808 ille:
728 1750 847 1826 Nempe
868 1767 938 1808 eum
959 1746 1041 1819 dicis,
1063 1746 1168 1824 inquit,
1187 1766 1217 1816 15

168 1862 230 1920 quo
257 1842 314 1903 iste
341 1863 463 1904 omnem
491 1865 588 1905 rerum
617 1844 792 1905 memoriam
820 1844 947 1905 breviter
974 1855 1012 1916 et,
1035 1854 1068 1903 ut
1096 1843 1170 1903 mihi

168 1939 291 2018 quidem
316 1940 412 2001 visum
437 1953 490 2015 est,
514 1942 724 2021 perdiligenter
750 1945 924 2021 complexus
952 1944 1021 2002 est?
1071 1943 1169 2002 Istum

132 2055 153 2114 4
167 2039 274 2118 ipsum,
290 2037 425 2116 inquam,
440 2042 541 2114 Brute,
555 2039 625 2100 dico
638 2038 748 2100 librum
763 2039 836 2099 mihi
850 2038 938 2100 saluti
951 2039 1051 2098 fuisse.
1087 2041 1167 2098 Tum

167 2135 305 2196 Atticus:
334 2137 563 2215 Optatissimum
585 2137 659 2196 mihi
679 2137 801 2215 quidem
824 2139 972 2215 estquod
994 2135 1091 2210 dicis3
1115 2138 1169 2197 sed

167 2233 241 2312 quid
266 2235 388 2294 tandem
412 2235 517 2296 habuit
539 2234 614 2295 liber
641 2235 697 2296 iste
724 2237 807 2314 quod
832 2235 886 2295 tibi
908 2246 960 2295 aut
984 2255 1096 2295 novum
1117 2246 1170 2295 aut
1184 2255 1215 2291 ιο

125 2341 252 2402 15tanto
273 2331 340 2391 usui
361 2343 463 2410 posset
483 2335 571 2393 esse?
613 2335 668 2394 Ille
691 2353 761 2394 vero
783 2345 814 2394 et
837 2351 922 2404 nova,
943 2331 1075 2410 inquam,
1095 2332 1169 2392 mihi

167 2429 290 2507 quidem
310 2432 403 2489 multa
422 2440 452 2491 et
473 2449 540 2490 eam
561 2430 719 2491 utilitatem
741 2451 832 2509 quam
853 2430 1049 2509 requirebam,
1068 2441 1102 2490 ut
1122 2451 1170 2491 ex-

166 2525 282 2604 plicatis
297 2525 452 2587 ordinibus
472 2538 641 2606 temporum
661 2547 723 2589 uno
740 2527 771 2587 in
788 2540 954 2606 conspectu
973 2528 1076 2587 omnia
1090 2527 1169 2588 vide·

165 2644 236 2685 rem.
281 2625 368 2699 Quae
392 2643 462 2684 cum
487 2624 620 2686 studiose
649 2636 773 2687 tractare
801 2625 976 2704 coepissem,
1001 2624 1066 2703 ipsa
1094 2624 1168 2685 mihi

164 2721 300 2783 tractatio
314 2721 477 2783 litterarum
494 2720 628 2783 salutaris
645 2723 701 2784 suit
717 2723 946 2801 admonuitque,
960 2722 1118 2799 Pomponi,
1135 2734 1169 2783 ut
1183 2743 1212 2793 ²5

163 2837 182 2878 a
196 2829 225 2878 te
239 2817 305 2896 ipso
320 2838 468 2879 sumerem
482 2810 599 2898 aliquid=
607 2821 646 2880 ad
658 2841 706 2881 me
720 2819 915 2881 reficiendum
930 2831 1019 2897 teque
1033 2839 1168 2880 remune-

163 2916 290 2976 randum
312 2915 337 2975 si
358 2927 420 2978 non
441 2916 512 2996 pari,
532 2930 563 2978 at
583 2929 667 2996 grato
689 2928 790 2979 tamen
812 2938 953 2978 munere:
983 2937 1167 2995 quamquam

162 3013 236 3073 illud
259 3013 442 3073 Hesiodium
467 3015 603 3075 laudatur
625 3036 643 3075 a
665 3015 770 3088 doctis,
790 3016 873 3093 quod
898 3015 1004 3074 eadem
1027 3033 1167 3074 mensura

162 3112 287 3172 reddere
301 3110 384 3171 iubet
395 3131 472 3189 quae
482 3112 632 3191 acceperis
646 3123 698 3173 aut
708 3112 799 3173 etiam
809 3110 1014 3186 cumulatiore,
1024 3111 1048 3170 si
1059 3111 1164 3189 possis.

197 3282 227 3329 15
245 3268 310 3317 dicis
325 3267 410 3331 vulgm
435 3268 505 3317 dices
517 3267 585 3317 codd.
657 3269 688 3316 16
705 3266 841 3316 rerumL:
861 3283 881 3317 r.
896 3268 1070 3316 Romanarum
1081 3266 1165 3315 Bake:
1243 3285 1244 3288 ¹

161 3350 181 3383 r.
195 3341 340 3382 nostrarum
350 3333 423 3392 Jahn
488 3348 518 3394 19
535 3334 596 3381 mihi
607 3334 711 3395 quidem
723 3340 764 3382 est
775 3332 812 3381 F:
830 3332 892 3381 mihi
904 3339 943 3393 est
954 3333 1057 3396 quidem
1072 3338 1111 3380 est
1125 3331 1164 3380 G:

160 3400 264 3461 quidem
277 3399 387 3447 mihiest
404 3397 496 3446 OB¹M
506 3417 512 3447 r
536 3400 641 3462 quidem
660 3400 721 3453 mihi
735 3398 780 3448 H:
797 3398 859 3447 mihi
877 3399 979 3461 quidem
998 3405 1050 3458 opt.
1072 3397 1164 3446 estB:

161 3464 230 3524 mibi,
245 3465 337 3526 inquit,
350 3471 389 3512 est
401 3463 495 3526 Stangl
579 3480 610 3513 ar
630 3480 689 3514 esse
701 3470 790 3526 posset
803 3462 827 3510 0
911 3478 942 3510 aa
959 3469 985 3512 et
1000 3476 1057 3510 eam
1077 3463 1164 3510 attulit

160 3529 265 3643 gulahlly:
282 3530 366 3578 attulit
378 3535 405 3578 et
416 3544 473 3578 eam
488 3528 554 3579 aud.
568 3531 601 3592 38
710 3545 742 3591 24
759 3545 826 3592 quae
837 3527 981 3578 Eberhard:
998 3543 1048 3590 qua
1061 3528 1095 3576 L:
1112 3542 1163 3590 quo

199 3595 228 3644 H
251 3600 321 3644 vetus
