2588 4178
363 195 652 256 PARTITIONES
674 194 927 258 ORATORIAE
1123 195 1142 254 8
1159 220 1190 271 ²9

146 357 337 427 multitudine
348 380 357 434 ;
377 379 515 438 quaeque
528 379 599 421 mox
612 361 652 420 de
666 359 832 421 narratione
851 359 983 420 dilucida
997 351 1141 433 dicentur,

145 458 252 516 eadem
263 455 352 517 etiam
365 458 423 516 huc
437 469 578 534 poterunt
591 468 670 518 recte
684 457 839 518 transferri.
868 460 910 518 Vt
919 469 1032 518 attente
1042 470 1144 519 autem
1159 473 1191 524 30

145 553 310 627 audiamur,
340 543 428 613 trium
461 575 558 614 rerum
590 553 691 632 aliqua
722 574 957 633 consequemur;
992 575 1061 614 nam
1093 566 1144 615 aut

147 670 255 728 magna
268 653 417 729 quaedam
438 671 640 730 proponemus
658 663 710 714 aut
731 652 899 713 necessaria
914 663 966 713 aut
984 651 1145 713 coniuncta

116 768 216 818 5cum
233 747 305 828 ipsis
324 751 405 826 apud
426 769 503 827 quos
523 769 569 810 res
588 762 698 828 agetur.
741 749 785 811 Sit
804 761 904 810 autem
927 751 986 810 hoc
1004 749 1094 810 etiam
1113 749 1144 809 in

145 846 323 924 praeceptis,
341 858 381 919 ut,
404 846 429 906 si
450 849 572 925 quando
593 858 711 926 tempus
731 848 830 926 ipsum
850 859 902 907 aut
923 867 968 908 res
989 858 1041 906 aut
1060 849 1144 907 locus

145 954 197 1002 aut
213 942 396 1004 interventus
417 943 541 1004 alicuius
558 957 611 1006 aut
631 944 828 1024 interpellatio
847 955 899 1013 aut
917 945 956 1005 ab
976 944 1144 1006 adversario

145 1040 261 1100 dictum
274 1041 398 1118 aliquod
412 1053 442 1101 et
457 1041 585 1102 maxime
598 1042 629 1102 in
643 1046 810 1120 perorando
824 1042 940 1104 dederit
954 1033 1143 1103 occasionem

145 1138 242 1213 nobis,
259 1151 292 1199 ut
306 1139 441 1200 dicamus
459 1139 573 1217 aliquid
587 1142 626 1201 ad
641 1153 759 1220 tempus
773 1153 850 1220 apte,
866 1161 904 1202 ne
924 1141 1144 1219 relinquamus3

101 1260 132 1298 ro
146 1248 184 1309 et,
200 1256 278 1314 quae
299 1257 354 1297 suo
375 1239 443 1298 loco
464 1240 503 1297 de
524 1238 755 1316 amplificatione
775 1239 919 1313 dicemus,
938 1241 1031 1299 multa
1050 1259 1086 1300 ex
1100 1239 1143 1300 eis

145 1345 286 1412 poterunt
298 1336 338 1395 ad
352 1333 565 1412 principiorum
579 1348 737 1414 praecepta
750 1335 905 1396 transferri.
1155 1382 1177 1441 9

186 1433 221 1493 C.
245 1431 340 1509 Quid,
359 1432 391 1492 in
412 1432 580 1493 narratione
600 1453 677 1511 quae
699 1435 820 1494 tandem
845 1433 1032 1494 observanda
1052 1434 1143 1492 sunt?
1158 1470 1185 1519 31

145 1532 178 1618 Ij.
195 1529 348 1606 Quoniam
363 1530 491 1590 narratio
505 1541 550 1591 est
564 1551 662 1591 rerum
676 1529 833 1608 explicatio
852 1542 881 1590 et
895 1532 1043 1607 quaedam
1058 1529 1143 1606 quasi

144 1629 232 1688 sedes
255 1639 285 1687 et
308 1630 537 1689 fundamentum
559 1627 787 1688 constituendae
808 1625 887 1700 fidei,
909 1647 945 1687 ea
965 1638 1034 1686 sunt
1054 1626 1085 1696 in
1108 1647 1143 1687 ea

100 1747 129 1800 ¹⁵
145 1727 291 1786 servanda
305 1725 441 1799 maxime,
457 1744 535 1802 quae
553 1724 643 1786 etiam
657 1724 688 1784 in
703 1724 823 1803 reliquis
837 1726 898 1784 fere
916 1723 1037 1785 dicendi
1058 1723 1144 1802 parti·

144 1821 201 1882 bus
212 1845 221 1897 3
251 1842 328 1901 quae
355 1822 462 1902 partim
490 1834 559 1883 sunt
586 1822 759 1896 necessaria,
785 1821 892 1900 partim
919 1823 1078 1901 adsumpta
1104 1824 1143 1883 ad

144 1922 322 1980 ornandum.
379 1922 458 1980 Nam
487 1931 520 1981 ut
546 1919 679 1981 dilucide
710 1919 961 1998 probabiliterque
990 1938 1142 1979 narremus

144 2017 345 2077 necessarium
366 2028 419 2091 est,
442 2019 495 2078 sed
519 2018 705 2079 adsumimus
723 2017 813 2078 etiam
836 2016 1018 2076 suavitatem.
1062 2019 1142 2095 Ergo
1156 2042 1187 2092 3²

143 2117 183 2175 ad
197 2114 329 2176 dilucide
349 2117 529 2176 narrandum
551 2118 657 2176 eadem
674 2115 725 2175 illa
745 2113 895 2192 superiora
916 2113 1094 2193 explanandi
1114 2125 1143 2174 et

98 2240 130 2277 πο
143 2212 321 2273 inlustrandi
342 2224 500 2292 praecepta
520 2225 696 2291 repetemus,
719 2212 750 2272 in
771 2211 881 2290 quibus
902 2211 939 2272 sit
959 2211 1087 2272 brevitas
1108 2232 1144 2272 ea

144 2330 222 2387 quae
236 2308 408 2398 saepissime
422 2309 454 2370 in
468 2310 635 2372 narratione
649 2313 794 2382 laudatur,
804 2312 843 2371 de
857 2329 917 2387 qua
931 2309 1143 2386 supradictum

143 2418 197 2468 est.
241 2407 408 2469 Probabilis
432 2419 533 2469 autem
556 2407 619 2482 erit,
643 2408 668 2469 si
690 2407 833 2486 personis,
856 2407 881 2468 si
905 2406 1097 2484 temporibus,
1120 2407 1144 2468 si

144 2504 218 2566 locis
239 2525 276 2566 ea
302 2525 380 2582 quae
400 2506 598 2566 narrabuntur
625 2505 813 2566 consentient
823 2526 832 2578 3
859 2502 884 2563 si
908 2503 1053 2582 cuiusque
1074 2505 1145 2565 facti

145 2612 175 2662 et
189 2600 287 2662 eventi
308 2621 397 2661 causa
418 2613 545 2680 ponetur
554 2624 563 2676 ;
583 2600 610 2662 si
628 2613 734 2663 testata
753 2600 813 2662 dici
826 2599 1014 2673 videbuntur,
1031 2599 1055 2660 si
1074 2621 1144 2660 cum

98 2701 129 2788 lq
145 2696 303 2758 hominum
317 2697 459 2775 opinione
473 2697 656 2772 auctoritate,
672 2698 697 2758 si
711 2718 780 2758 cum
794 2700 867 2775 lege,
884 2717 952 2758 cum
968 2717 1058 2770 more,
1074 2717 1143 2758 cum

145 2795 287 2873 religione
307 2794 487 2870 coniuncta;
510 2795 535 2856 si
557 2796 689 2874 probitas
710 2795 855 2855 narrantis
877 2794 1096 2873 significabitur,
1120 2794 1144 2855 si

143 2892 313 2970 antiquitas,
337 2892 362 2952 si
387 2892 539 2966 memoria,
565 2892 590 2953 si
613 2892 754 2953 orationis
778 2891 885 2952 veritas
907 2903 937 2952 et
959 2891 1036 2952 vitae
1059 2893 1143 2953 tides.

144 2989 249 3051 Suavis
269 3000 370 3050 autem
392 2989 520 3050 narratio
541 3001 586 3052 est
601 3010 684 3068 quae
705 2990 796 3050 habet
814 2988 1025 3050 admirationes
1045 3010 1146 3067 exspe-

143 3087 288 3148 ctationes
313 3086 408 3148 exitus
432 3087 610 3166 inopinatos,
633 3087 823 3166 interpositos
846 3099 945 3157 motus
966 3086 1143 3162 animorum,

97 3211 130 3261 ³0
144 3184 305 3262 conloquia
328 3205 530 3262 personarum,
554 3188 673 3247 dolores
699 3184 867 3246 iracundias
894 3194 992 3244 metus
1020 3185 1145 3246 laetitias

144 3280 330 3358 cupiditates.
373 3250 434 3343 ded
448 3282 507 3342 iam
522 3284 562 3343 ad
576 3281 689 3360 reliqua
702 3277 867 3360 pergamus.

176 3451 192 3485 a
209 3437 311 3487 traferri
323 3436 434 3489 Stroebel
444 3455 450 3487 :
468 3436 528 3487 ferri
539 3437 580 3487 P:
596 3436 686 3486 referri
697 3437 747 3485 stiae
757 3435 869 3487 conferri
880 3434 948 3486 codd.
960 3435 1017 3486 dett.
1129 3447 1145 3496 5

142 3502 266 3564 agiturP
380 3505 411 3552 18
428 3504 475 3552 sed
489 3504 576 3566 vulg:
592 3504 614 3552 si
626 3502 695 3551 codd.
707 3502 763 3551 dett.
854 3502 1005 3550 assumimus
1016 3500 1056 3550 Pr
1072 3514 1145 3550 assu-

144 3582 244 3616 memus
254 3567 306 3616 sr‘ve
315 3583 475 3618 extimemus
486 3568 554 3620 codd.
566 3568 621 3618 dett.
720 3583 754 3630 29
770 3567 791 3616 si
803 3568 972 3630 interpositos
983 3566 1009 3615 P

175 3687 224 3724 erc.
239 3689 348 3724 ουτοι
1047 3673 1079 3723 ld
