2588 4178
341 745 396 828 M.
435 746 607 828 TVLLI
646 748 965 830 CICERONIS

518 972 795 1065 BRVTVS.

191 1238 266 1298 Cvu
288 1257 306 1297 e
327 1236 433 1300 Cilicia
453 1238 603 1298 decedens
625 1240 770 1299 Rhodum
791 1238 939 1300 venissem
963 1249 993 1299 et
1014 1257 1051 1298 eo
1076 1229 1180 1298 mihi¹

149 1336 189 1395 de
217 1338 254 1411 Q.
280 1335 426 1395 Hortensi
453 1346 549 1396 morte
576 1348 654 1397 esset
681 1338 823 1409 adlatum,
847 1335 990 1415 opinione
1014 1317 1176 1396 omnium1

149 1433 294 1493 maiorem
309 1432 411 1493 animo
425 1432 491 1511 cepi
505 1434 647 1494 dolorem.
693 1435 771 1495 Nam
786 1445 816 1495 et
834 1434 932 1494 amico
951 1432 1061 1494 amisso
1080 1452 1149 1492 cum

149 1529 370 1591 consuetudine
398 1529 528 1590 iucunda
555 1542 620 1590 turn
648 1533 809 1592 multorum
837 1531 1002 1591 officiorum
1027 1530 1150 1591 coniun-

120 1628 251 1698 5ctione
271 1648 320 1688 me
338 1627 484 1706 privatum
499 1627 638 1689 videbam
653 1640 683 1688 et
694 1628 812 1689 interitu
832 1628 898 1688 talis
918 1627 1037 1706 auguris
1056 1627 1150 1705 digni-

149 1736 242 1786 tatem
264 1725 357 1786 nostri
378 1724 495 1802 conlegi
519 1725 704 1786 deminutam
726 1725 885 1799 dolebam;
913 1725 1023 1802 quain
1042 1724 1149 1803 cogita-

149 1824 233 1884 tione
252 1835 282 1884 et
300 1834 474 1902 cooptatum
494 1845 542 1885 me
561 1824 600 1885 ab
620 1845 657 1886 eo
676 1824 707 1884 in
726 1824 895 1902 conlegium
917 1824 1101 1897 recordabar,
1117 1823 1148 1882 in

149 1941 213 1999 quo
226 1920 339 1982 iuratus
353 1919 496 1982 iudicium
512 1921 663 2000 dignitatis
674 1941 759 1983 meae
769 1922 887 1994 iecerat,
897 1931 927 1981 et
941 1920 1148 1998 inauguratum

147 2019 189 2079 ab
203 2021 321 2091 eodem,
338 2039 374 2080 ex
390 2039 452 2096 quo
470 2039 614 2098 augurum
634 2019 776 2080 institutis
795 2019 826 2079 in
845 2018 974 2098 parentis
991 2039 1060 2079 eum
1080 2020 1147 2078 loco

105 2135 134 2172 10
148 2119 249 2177 colere
269 2117 427 2178 debebam.
471 2117 609 2195 Augebat
631 2117 721 2178 etiam
743 2116 910 2178 molestiam
935 2117 1018 2193 quod
1039 2134 1176 2192 magnaa

146 2214 329 2293 sapientium
350 2214 461 2275 civium
483 2215 692 2292 bonorumque
716 2213 840 2293 penuria
859 2213 903 2273 vir
923 2213 1056 2291 egregius
1077 2232 1147 2273 con·

145 2312 412 2391 iunctissimusque
446 2333 564 2374 mecum
604 2312 794 2373 consiliorum
829 2311 965 2372 omnium
1005 2311 1147 2372 societate

130 2404 330 2472 ¹alienissimo
350 2411 392 2472 rei
412 2410 550 2489 publicae
574 2422 708 2489 ternpore
732 2409 893 2471 exstinctus
914 2421 944 2469 et
964 2409 1146 2470 auctoritatis

144 2520 176 2570 et
193 2509 370 2588 prudentiae
388 2528 460 2570 suae
478 2509 561 2569 triste
577 2508 665 2570 nobis
684 2507 865 2570 desiderium
885 2507 1049 2585 reliquerat,
1066 2508 1146 2567 dole-

102 2625 130 2675 15
145 2607 279 2685 bamque
300 2608 382 2685 quod
403 2626 474 2681 non,
492 2617 526 2667 ut
546 2606 680 2685 plerique
700 2605 854 2685 putabant,
872 2602 1072 2666 adversarium
1093 2615 1145 2662 aut

144 2705 377 2766 obtrectatorem
398 2706 521 2765 laudum
542 2724 676 2764 mearum
697 2705 751 2765 sed
772 2702 886 2764 socium
908 2700 1006 2780 potius
1026 2713 1055 2760 et
1076 2720 1145 2760 con-

144 2814 256 2863 sortem
278 2801 398 2880 gloriosi
418 2801 528 2863 laboris
548 2801 714 2863 amiseram.
758 2800 878 2861 Etenim
900 2799 925 2858 si
947 2799 978 2858 in
999 2797 1171 2870 leviorum³

142 2900 252 2960 artium
268 2899 368 2960 studio
382 2900 543 2960 memoriae
561 2899 713 2979 proditum
732 2910 777 2959 est
796 2909 899 2977 poetas
917 2895 1026 2956 nobilis
1045 2908 1144 2974 poeta-

143 3019 212 3058 rum
239 2997 410 3075 aequalium
437 3009 533 3058 morte
557 2997 696 3069 doluisse,
721 3017 782 3075 quo
806 2997 929 3056 tandem
953 2993 1055 3053 animo
1079 2993 1143 3054 eius

97 3120 129 3156 ιο
143 3095 297 3155 interitum
311 3097 386 3156 ferre
400 3094 501 3169 debui,
516 3115 585 3155 curn
600 3115 662 3173 quo
676 3106 787 3156 certare
801 3104 864 3154 erat
881 3090 1036 3170 gloriosius
1051 3110 1141 3168 quam

142 3192 270 3253 omnino
297 3191 497 3253 adversarium
526 3212 588 3253 non
616 3193 750 3253 habere?
783 3211 852 3252 cum
881 3187 1052 3268 praesertim
1080 3208 1141 3247 non

143 3292 238 3364 modo
259 3310 424 3368 numquam
445 3289 483 3350 sit
503 3301 555 3350 aut
576 3289 653 3350 illius
673 3310 692 3350 a
713 3309 761 3350 me
782 3308 884 3349 cursus
908 3286 1070 3365 impeditus
1091 3297 1142 3345 aut

177 3460 209 3494 ιο
225 3443 335 3506 augebat
345 3445 430 3508 vulga
450 3444 572 3508 augebam
584 3444 606 3492 L
687 3459 716 3506 19
733 3452 814 3493 morte
825 3443 848 3491 L
860 3461 866 3492 ε
883 3448 988 3491 mortem
1000 3438 1142 3487 Lambinus

140 3526 195 3573 quo
207 3508 247 3558 L:
263 3525 313 3572 quo
325 3526 376 3573 ego
386 3510 481 3575 Stangl

174 3601 225 3638 cte.
238 3602 315 3639 auur.
1061 3581 1075 3630 1
