2588 4178
540 207 719 273 ORATOR
1088 222 1176 273 2068

127 390 224 431 rarum
243 393 341 433 rerum
359 375 569 438 dissimilitudo
587 378 716 456 intellegi
736 398 798 439 non
815 371 914 456 potest
924 399 932 452 ;
953 381 1007 440 sed
1024 378 1055 439 id
1073 400 1129 440 nec

126 469 253 529 dubium
273 484 318 540 est
335 484 372 548 et,
389 474 413 534 si
433 475 506 552 quid
525 475 617 535 habet
631 475 822 553 quaestionis,
839 477 898 536 hoc
912 486 1013 536 tamen
1030 476 1129 554 ipsum

126 567 165 625 ad
180 565 211 627 id
230 572 313 646 quod
328 572 512 650 propositum
528 583 573 633 est
588 594 649 633 non
664 584 709 634 est
723 573 931 634 necessarium.
971 573 1130 634 Seiunctus

127 661 214 740 igitur
238 679 336 728 orator
359 690 378 728 a
401 669 649 748 philosophorum
675 670 853 749 eloquentia,
878 691 896 730 a
919 670 1128 748 sophistarum,

97 763 165 835 5ab
187 758 441 842 historicorum‚a
461 779 617 846 poetarum
642 769 836 847 explicandus
859 779 904 829 est
925 767 1013 828 nobis
1034 767 1130 846 qualis

126 861 241 922 futurus
261 864 306 923 sit.
1143 926 1177 972 m

169 960 233 1019 Erit
251 960 339 1038 igitur
359 965 627 1040 eloquens—hunc
648 963 728 1024 enim
750 976 872 1024 auctore
888 962 1024 1024 Antonio
1043 982 1131 1039 quae·
1144 1002 1178 1068 ⁶9

126 1054 284 1118 rimus—is
299 1059 351 1137 qui
365 1060 396 1120 in
411 1064 476 1122 loro
490 1062 647 1140 causisque
661 1062 797 1122 civilibus
811 1063 853 1122 ita
866 1061 955 1134 dicet,
967 1072 1001 1120 ut
1014 1060 1129 1138 probet,

127 1163 160 1212 ut
181 1155 319 1229 delectet,
339 1168 373 1216 ut
393 1159 501 1218 flectat.
545 1160 675 1220 Probare
700 1159 883 1220 necessitatis
908 1169 961 1232 est,
983 1159 1132 1218 delectare

84 1270 115 1305 10
128 1252 288 1327 suavitatis,
312 1256 430 1316 flectere
457 1255 615 1317 victoriae:
647 1277 718 1316 nam
745 1257 777 1317 id
805 1276 898 1317 unum
927 1276 964 1316 ex
991 1254 1131 1315 omnibus

127 1350 166 1408 ad
188 1349 368 1412 obtinendas
392 1373 496 1414 causas
519 1365 618 1432 potest
639 1354 808 1432 plurimum.
852 1355 912 1414 Sed
937 1363 1011 1431 quot
1035 1350 1134 1411 officia

129 1447 260 1521 oratoris,
287 1459 332 1509 tot
360 1462 429 1511 sunt
456 1471 565 1528 genera
592 1451 733 1513 dicendi:
768 1450 877 1512 subtile
904 1449 935 1510 in
963 1448 1129 1527 probando,

128 1543 282 1605 modicum
307 1532 338 1605 in
362 1549 550 1622 delectand0,
572 1552 734 1610 vehemens
762 1548 793 1608 in
818 1549 985 1622 flectendo,
1014 1546 1046 1605 in
1070 1563 1132 1622 quo

129 1661 190 1700 uno
209 1642 252 1702 vis
275 1644 373 1704 omnis
400 1646 525 1706 oratoris
549 1657 603 1707 est.
650 1646 755 1724 Magni
774 1645 862 1723 igitur
878 1643 977 1717 iudici,
996 1661 1132 1703 summae
1145 1661 1177 1720 ⁷⁰

85 1760 114 1810 15
130 1738 219 1798 etiam
239 1742 386 1802 facultatis
405 1763 471 1822 esse
487 1744 611 1804 debebit
628 1746 799 1805 moderator
812 1743 861 1804 ille
878 1753 908 1803 et
922 1740 1007 1819 quasi
1022 1751 1133 1818 tempe·

130 1846 208 1897 rator
232 1837 321 1899 huius
348 1839 510 1917 tripertitae
534 1841 682 1902 varietatis
694 1864 703 1917 3
738 1861 808 1901 nam
837 1851 866 1900 et
890 1837 1035 1910 iudicabit
1060 1836 1133 1914 quid

129 1933 239 2011 cuique
266 1956 342 2014 opus
370 1937 408 1997 sit
435 1949 465 1998 et
493 1938 601 2016 poterit
628 1959 821 2016 quocumque
850 1938 943 1998 modo
970 1933 1134 2013 postulabit

20 2112 22 2116 ,
129 2049 219 2090 causa
237 2032 344 2094 dicere.
389 2036 449 2095 Sed
470 2046 516 2094 est
534 2034 724 2112 eloquentiae
742 2035 819 2095 sicut
837 2033 1017 2112 reliquarum
1036 2051 1133 2092 rerum

129 2129 359 2191 fundamentum
385 2132 537 2210 sapientia
581 2135 622 2192 Vt
643 2133 724 2194 enim
746 2132 777 2192 in
795 2131 856 2192 vita
880 2131 923 2191 sic
947 2129 978 2189 in
1000 2128 1134 2190 oratione

86 2245 118 2280 πο
130 2225 204 2285 nihil
225 2237 271 2287 est
291 2221 440 2289 difficilius
461 2249 552 2306 quam
574 2228 647 2307 quid
668 2231 774 2290 deceat
794 2227 903 2288 videre.
950 2227 1066 2305 Πρέπον
1085 2245 1135 2304 ap

129 2325 242 2399 pellant
265 2326 324 2385 hoc
347 2325 463 2398 Graeci,
487 2346 542 2387 nos
567 2325 703 2387 dicamus
728 2345 799 2386 sane
821 2326 984 2399 decorum;
1012 2325 1051 2384 de
1073 2342 1135 2400 quo

129 2423 278 2497 praeclare
292 2432 322 2481 et
336 2425 430 2482 multa
443 2422 665 2501 praecipiuntur
679 2434 709 2483 et
722 2443 768 2483 res
783 2433 828 2482 est
842 2421 1013 2500 cognitione
1027 2419 1136 2498 dignis·

129 2516 223 2592 sima;
247 2518 334 2578 huius
355 2518 542 2597 ignoratione
563 2541 625 2581 non
646 2522 740 2580 modo
760 2520 792 2579 in
810 2519 871 2580 vita
888 2521 943 2580 sed
961 2517 1135 2595 saepissime

131 2616 212 2675 etin
234 2616 380 2694 poematis
405 2628 435 2676 et
457 2617 488 2676 in
513 2617 648 2678 oratione
670 2629 817 2696 peccatur.
863 2620 918 2677 Est
937 2627 1039 2677 autem
1061 2615 1177 2694 quidm

86 2735 117 2785 ²5
131 2714 237 2773 deceat
251 2715 360 2774 oratori
373 2713 538 2775 videndum
558 2735 621 2775 non
639 2715 671 2776 in
690 2713 845 2775 sententiis
862 2716 960 2774 solum
975 2715 1029 2774 sed
1044 2712 1134 2772 etiarn

130 2810 161 2870 in
183 2809 289 2871 verbis.
337 2813 408 2871 Non
433 2811 513 2871 enim
539 2811 637 2872 omnis
664 2813 793 2885 fortuna,
817 2831 880 2872 non
904 2810 1003 2871 omnis
1028 2812 1134 2881 honos,

131 2928 192 2967 non
222 2908 320 2968 omnis
343 2909 512 2983 auctoritas,
541 2929 604 2968 non
635 2909 733 2969 omnis
759 2920 841 2969 aetas
868 2928 925 2968 nec
953 2927 1024 2968 vero
1051 2909 1135 2968 locus

130 3015 181 3065 aut
200 3016 320 3083 tempus
338 3017 390 3066 aut
407 3005 526 3066 auditor
544 3005 650 3066 omnis¹
662 3009 770 3068 eodem
788 3017 839 3066 aut
852 3005 1011 3066 verborum
1028 3024 1137 3081 genere

131 3104 303 3163 tractandus
324 3114 370 3163 est
389 3114 442 3162 aut
463 3101 677 3163 sententiarum
699 3123 875 3181 semperque
896 3101 928 3160 in
949 3101 1033 3161 omni
1053 3111 1137 3178 parte

64 3217 119 3284 ¹30
132 3199 274 3260 orationis
299 3210 332 3260 ut
356 3199 434 3260 vitae
455 3199 532 3283 quid
556 3202 662 3261 deceat
686 3211 731 3261 est
755 3199 1025 3272 considerandum
1054 3199 1137 3276 quod

132 3309 162 3358 et
179 3297 210 3356 in
227 3317 258 3358 re
277 3299 316 3358 de
334 3317 394 3375 qua
409 3297 506 3375 agitur
525 3297 657 3376 positum
679 3308 723 3358 est
739 3308 770 3358 et
786 3296 816 3356 in
837 3295 971 3374 personis
988 3303 1136 3360 eteorum

167 3469 196 3502 ra
214 3452 323 3503 oratoris
337 3451 387 3502 Iul.
403 3452 501 3501 Victor:
517 3452 675 3501 orationisL
745 3468 773 3513 η
792 3452 884 3512 cuique
900 3451 939 3499 L:
957 3448 1045 3498 ‘valde
1056 3463 1140 3497 vereor

132 3535 162 3567 ne
169 3523 228 3582 post
243 3520 334 3580 cuique
349 3517 461 3566 excident
475 3516 582 3567 causae’
600 3516 707 3580 Madvig
821 3532 854 3565 aa
870 3515 1002 3583 praeclare
1015 3521 1040 3564 et
1057 3514 1137 3564 multa

131 3583 154 3630 L
166 3589 188 3632 et
197 3583 247 3634 Iul.
265 3582 322 3633 Vicr.
335 3601 342 3632 r
360 3583 440 3632 multa
451 3591 477 3632 et
489 3583 621 3645 praeclare
629 3581 730 3631 'Goeller
957 3593 960 3596 ’

1038 3659 1070 3709 9*
