2588 4178
149 198 253 264 47174
456 188 499 249 Μ.
522 187 650 248 TVLLI
672 186 905 250 CICERONIS

144 370 189 425 175
202 353 368 416 oratoribus
381 352 589 432 implicaretur.
626 354 758 413 Multum
772 351 862 413 etiarn
877 351 909 412 in
923 351 1020 412 causis
1032 352 1204 413 versabatur

201 451 298 512 isdem
309 453 369 512 fere
380 451 564 529 temporibus
576 453 613 511 D.
625 453 742 523 Brutus,
753 449 778 510 is
789 449 841 527 qui
852 450 957 511 consul
967 469 1038 509 cum
1047 452 1204 510 Mamerco

202 548 265 623 suit,
288 551 381 609 homo
405 560 435 609 et
456 547 579 609 Graecis
599 550 707 610 doctus
731 546 835 608 litteris
855 557 886 608 et
907 545 1030 608 Latinis.
1075 546 1205 609 Dicebat

202 646 292 708 etiam
312 649 346 706 L.
362 645 463 724 Scipio
481 666 543 706 non
562 645 698 724 imperite
713 646 895 722 Gnaeusque
910 643 1072 723 Pompeius
1086 646 1153 706 Sex.
1169 645 1203 706 F.

202 743 333 822 aliquem
357 763 515 804 numerum
535 742 700 804 obtinebat.
743 745 824 802 Nam
845 744 911 804 Sex.
930 744 1019 804 frater
1039 741 1103 804 eius
1123 763 1232 821 praes

186 841 418 914 ⁴stantissimum
436 840 589 920 ingenium
608 841 774 905 contulerat
785 841 832 901 ad
850 859 1000 910 summam
1019 839 1091 900 iuris
1110 839 1205 901 civilis

203 951 233 1001 et
251 941 291 999 ad
309 941 470 1017 perfectam
489 938 668 1017 geometriae
687 949 717 998 et
736 957 834 997 rerum
847 937 1015 998 Stoicarum
1035 937 1203 999 scientiam.

202 1039 300 1101 †Item
321 1036 352 1096 in
376 1036 439 1096 iure
461 1047 491 1097 et
512 1046 582 1097 ante
605 1038 660 1096 hos
684 1037 734 1094 M.
744 1037 854 1094 Brutus
876 1046 906 1094 et
928 1036 1019 1112 paulo
1043 1046 1112 1113 post
1134 1055 1206 1097 eum

203 1137 238 1199 C.
256 1134 398 1195 Billienus
413 1136 506 1195 homo
519 1154 618 1212 perse
632 1152 757 1210 magnus
772 1152 870 1214 prope
888 1131 978 1192 simili
995 1132 1109 1195 ratione
1127 1153 1207 1193 sum·

143 1289 145 1295 ,
203 1253 270 1292 mus
284 1245 434 1307 evaserat,
455 1231 506 1310 qui
520 1232 626 1293 consul
639 1232 735 1291 factus
749 1241 835 1303 esset,
851 1228 908 1290 nisi
922 1229 954 1289 in
970 1229 1122 1292 Marianos
1136 1249 1207 1292 con·
1221 1251 1251 1288 ιο

144 1329 190 1402 17⁶
205 1332 317 1390 sulatus
331 1329 405 1390 etin
420 1349 470 1390 eas
487 1327 640 1407 petitionis
656 1326 806 1405 angustias
826 1326 988 1388 incidisset.
1031 1329 1087 1390 Cn.
1103 1339 1204 1388 autem

205 1427 312 1491 Octavi
326 1427 504 1506 eloquentia,
520 1446 598 1504 quae
612 1428 707 1487 luerat
719 1435 793 1485 ante
807 1427 997 1486 consulatum
1016 1425 1157 1504 ignorata,
1174 1424 1206 1485 in

205 1527 360 1586 consulatu
375 1524 475 1585 multis
490 1523 682 1586 contionibus
699 1534 744 1583 est
757 1524 959 1583 vehementer
969 1524 1102 1600 probata.
1145 1525 1207 1585 Sed

204 1626 243 1686 ab
260 1623 311 1696 eis,
327 1622 379 1701 qui
398 1633 519 1685 tantum·
533 1621 565 1682 in
585 1620 750 1682 dicentium
771 1640 909 1695 numero,
922 1641 984 1682 non
1004 1621 1207 1682 inoratorum

205 1724 334 1796 suerunt,
343 1721 403 1781 iam
414 1723 453 1782 ad
464 1733 594 1782 oratores
605 1731 793 1782 revertamur.
823 1721 951 1792 Censeo,
961 1718 1058 1797 inquit
1068 1718 1207 1795 Atticus;
1222 1727 1252 1779 1⁵

205 1818 373 1897 eloquentis
387 1818 468 1879 enim
482 1818 630 1891 videbare,
646 1837 709 1886 non
723 1818 844 1878 sedulos
858 1818 934 1878 velle
948 1815 1133 1894 conquirere.
1185 1856 1188 1861 -

146 1877 193 2032 1473
248 1915 418 1977 Festivitate
442 1915 529 1994 igitur
550 1926 581 1977 et
603 1913 724 1988 facetiis,
748 1913 879 1992 inquam,
903 1914 938 1976 C.
957 1912 1052 1975 Iulius
1074 1915 1158 1982 1...F.
1176 1925 1208 1975 et

207 2013 406 2092 superioribus
421 2024 450 2073 et
464 2012 639 2091 aequalibus
653 2011 714 2073 suis
727 2011 868 2073 omnibus
885 2011 1030 2090 praestitit
1049 2022 1208 2089 oraturque

206 2111 262 2172 fuit
279 2110 402 2172 minime
420 2110 470 2172 ille
487 2110 610 2189 quidem
629 2112 798 2182 vehemens,
815 2111 870 2171 sed
889 2128 980 2170 nemo
999 2129 1144 2187 umquam
1163 2128 1210 2169 ur·

207 2209 347 2282 banitate,
363 2228 453 2268 nemo
467 2210 576 2286 lepore,
591 2227 682 2268 nemo
696 2207 840 2268 suavitate
853 2205 1010 2268 conditior.
1053 2208 1131 2268 Sunt
1143 2204 1209 2267 eius
1224 2225 1255 2263 ιο

207 2305 321 2384 aliquot
348 2305 505 2378 orationes,
531 2324 567 2364 ex
591 2305 701 2382 quibus
724 2305 801 2366 sicut
824 2326 862 2366 ex
877 2305 1021 2366 eiusdem
1048 2303 1209 2382 tragoediis

148 2407 194 2472 ¹78
208 2403 313 2464 lenitas
328 2402 391 2464 eius
405 2423 468 2464 non
486 2401 551 2464 sine
569 2402 666 2463 nervis
685 2402 816 2480 perspici
831 2413 938 2480 potest.
982 2400 1055 2462 Eius
1075 2399 1210 2479 aequulis

209 2503 241 2560 P.
258 2491 417 2579 Cethegus,
433 2499 482 2560 cui
502 2502 541 2561 de
560 2520 591 2561 re
610 2498 731 2578 publica
750 2499 819 2560 satis
840 2498 1053 2578 suppeditabat
1072 2499 1210 2561 oratio-

209 2609 302 2659 totam
319 2598 400 2659 enirn
419 2598 540 2659 tenebat
559 2618 626 2659 eam
643 2596 1040 2675 penitusquecognoverat;
1061 2595 1166 2674 itaque¹
1176 2596 1209 2657 in

208 2707 313 2758 senatu
335 2695 535 2756 consularium
563 2694 769 2756 auctoritatem
796 2695 1076 2772 adsequebatur-3
1100 2695 1156 2755 sed
1176 2693 1253 2769 inas

209 2793 305 2855 causis
327 2793 454 2872 publicis
478 2793 560 2866 nihil,
583 2795 615 2852 in
640 2791 760 2870 privatis
782 2792 853 2852 satis
875 2803 1020 2853 veterator
1041 2791 1208 2854 videbatur.

194 2893 283 2951 ,Erat
303 2890 334 2950 in
358 2891 477 2969 privatis
500 2890 597 2952 cau'sis
617 2893 654 2968 Q.
675 2889 829 2951 Lucretius
846 2889 974 2968 Vispillo
995 2901 1026 2950 et
1049 2901 1155 2951 acutus
1180 2900 1211 2950 et

210 2988 280 3050 iuris
294 2988 406 3067 peritus
415 3011 424 3065 ;
444 3009 514 3049 narn
530 2989 628 3056 Ofella
646 2987 839 3049 contionibus
859 2987 955 3065 aptior
972 3007 1062 3065 quam
1081 2985 1209 3054 iudiciis.

246 3159 257 3193 r
275 3144 427 3194 versabatur
444 3144 558 3207 Kayser:
580 3149 729 3193 versaretur
745 3141 784 3190 L:
804 3128 926 3192 versatus
945 3148 986 3191 est
1004 3139 1098 3204 Stangl
1195 3153 1211 3202 5
1231 3169 1233 3172 -

452 3218 474 3249 at

211 3259 322 3321 aliquem
339 3259 425 3323 vulga
443 3266 487 3309 aut
504 3273 581 3320 quem
600 3256 658 3308 H¹:
682 3264 708 3308 at
726 3257 837 3319 quemC
934 3273 948 3318 7
966 3257 1105 3319 perlectam
1124 3255 1212 3318 vulp:

213 3325 395 3387 perfectumL
461 3331 487 3374 et
498 3323 556 3376 add.
570 3323 637 3388 vulg.
705 3323 839 3372 scientiam
852 3323 913 3372 item
929 3323 956 3371 in
969 3324 1033 3381 iure,
1051 3327 1077 3371 et
1089 3327 1149 3371 ante
1162 3321 1211 3370 hos

213 3390 249 3440 C:
273 3392 334 3438 item
349 3391 374 3438 in
390 3391 446 3438 iure
462 3391 604 3439 eminuerat
616 3395 677 3449 ante
692 3389 818 3437 Probascl.
852 3386 985 3450 *Glossema
1002 3389 1028 3435 in
1043 3387 1119 3436 verbis
1134 3386 1212 3436 simili

212 3457 313 3506 ratione
325 3457 401 3504 inesse
408 3454 610 3517 putatMartaa:
627 3469 735 3518 magnus
747 3451 770 3501 L
782 3472 788 3502 ι
806 3452 924 3514 cognitus
934 3453 1007 3502 Rau:
1019 3453 1096 3501 simili
1109 3453 1212 3501 ratione

212 3524 295 3584 p'rope
306 3521 399 3569 maluit
408 3520 516 3571 Schtita:
533 3536 614 3582 prope
626 3521 682 3569 sim.
690 3518 872 3585 ¹ullaoratione
883 3519 952 3568 Bake
1016 3521 1049 3566 26
1067 3519 1091 3565 in
1105 3517 1212 3580 privatis

212 3587 297 3649 vulga:
316 3585 421 3648 privatis
434 3583 456 3632 L
554 3601 586 3648 27
604 3593 660 3635 erat
671 3585 758 3649 vulga:
775 3581 883 3633 erantL
982 3586 1015 3632 28
1032 3583 1118 3634 osella
1132 3581 1215 3632 Victor

212 3651 340 3700 Pisanus:
357 3649 471 3700 afiliaL
