2588 4178
146 379 188 437 At
203 375 318 438 Ennius
332 397 421 455 saepe

228 475 329 553 Scipio
342 474 463 550 invicte,

147 586 177 633 et
192 576 284 633 semel
299 573 421 651 quidem
437 593 509 633 nos:

229 673 288 731 hoc
309 683 393 731 motu
415 669 556 731 radiantis
577 670 686 732 etesiae
707 671 738 731 in
759 673 837 733 vada
857 671 949 750 ponti.

119 785 132 833 5
149 772 221 829 Hoc
235 768 315 829 idem
331 768 424 830 nostri
437 769 555 847 saepius
569 789 631 829 non
651 769 794 843 tulissent,
811 771 894 848 quod
909 769 1015 831 Graeci
1029 771 1150 831 laudare
1166 792 1213 844 ¹53

148 866 238 927 etiam
253 869 357 927 solent
401 870 461 928 Sed
476 866 550 944 quid
564 887 620 944 ego
634 867 769 928 vocalis?
810 868 881 928 Sine
895 867 1047 929 vocalibus
1062 887 1151 945 saepe

148 964 300 1025 brevitatis
314 985 404 1025 causa
417 966 644 1040 contrahebant,
657 973 692 1026 'ut
705 965 747 1025 ita
760 966 894 1027 dicerent
907 988 913 1025 :
935 965 1028 1025 multi'
1043 965 1150 1040 modis,

148 1061 180 1121 in
197 1065 256 1122 vas’
272 1061 429 1140 argenteis,
450 1062 550 1140 palmi’
566 1062 708 1138 crinibus,
728 1062 806 1124 tecti’
827 1063 933 1123 fractis.
978 1062 1061 1138 Quid
1082 1082 1152 1123 vero

149 1159 286 1220 licentius
315 1180 404 1237 quam
433 1161 516 1238 quod
544 1159 702 1221 bominum
730 1160 820 1221 etiam
848 1160 971 1221 nomina
999 1161 1153 1225 contrabe-

106 1275 137 1313 ro
150 1258 232 1331 bant,
258 1277 319 1335 quo
344 1251 443 1318 essent
466 1256 604 1336 aptiora?
634 1278 705 1318 nam
733 1270 766 1319 ut
790 1260 925 1319 duellum
949 1258 1070 1330 bellum,
1096 1254 1151 1339 [et]

150 1355 217 1416 duis
238 1355 294 1428 bis,
313 1355 355 1415 sic
371 1355 523 1415 Duellium
545 1376 615 1416 eum
637 1355 688 1433 qui
708 1359 827 1417 Poenos
848 1358 942 1416 classe
963 1355 1073 1416 devicit
1089 1357 1152 1415 Bel-

140 1454 222 1513 'lium
238 1452 475 1526 nominaverunt,
491 1473 560 1514 cum
577 1453 742 1531 superiores
760 1453 902 1532 appellati
920 1465 1019 1514 essent
1036 1472 1153 1530 semper

151 1551 270 1611 Duellii.
315 1550 397 1627 Quin
421 1551 511 1611 etiam
536 1551 626 1612 ver-ba
648 1571 737 1630 saepe
761 1555 976 1612 contrahuntur
998 1571 1060 1611 non
1081 1570 1153 1610 usus

151 1669 240 1709 eausa
255 1650 308 1709 sed
322 1649 446 1709 aurium.
484 1652 554 1725 Quo
570 1651 661 1710 modo
676 1649 756 1710 enim
768 1662 864 1710 vester
875 1648 973 1709 Axilla
986 1650 1044 1708 Ala
1057 1650 1153 1708 factus

108 1766 137 1819 15
151 1758 196 1807 est
207 1746 264 1805 nisi
278 1748 348 1823 fuga
357 1745 471 1807 litterae
479 1745 636 1807 vastioris?
657 1767 746 1824 quam
758 1746 885 1808 litteram
897 1746 987 1821 etiam
999 1766 1016 1806 e
1027 1744 1153 1804 maxillis

151 1856 181 1904 et
195 1844 301 1905 taxillis
316 1856 345 1904 et
359 1844 468 1922 paxillo
483 1856 512 1905 et
526 1844 633 1905 vexillo
648 1845 836 1904 consuetudo
849 1847 969 1922 elegans
984 1842 1083 1902 Latini
1097 1862 1154 1902 ser·

151 1942 249 2002 monis
263 1941 369 2002 evellit.
420 1942 562 2003 Libenter
575 1941 665 2002 etiam
685 1943 856 2019 copulando
869 1943 960 2002 verba
980 1940 1154 2018 iungebant,
1168 1968 1213 2018 154

150 2050 183 2098 ut
198 2040 286 2099 sodes
300 2058 355 2115 pro
369 2037 394 2096 si
408 2038 512 2112 audes,
526 2037 565 2098 sis
580 2058 633 2116 pro
648 2037 672 2098 si
686 2037 738 2098 vis.
783 2041 849 2098 Iam
866 2037 896 2097 in
911 2057 973 2098 uno
988 2036 1084 2115 capsis
1099 2035 1154 2097 tria

151 2136 241 2196 verba
262 2145 339 2195 sunt
382 2133 443 2194 Ain
464 2154 518 2212 pro
538 2133 630 2208 aisne,
652 2134 775 2211 nequire
796 2142 850 2213 pro
871 2155 933 2194 non
954 2134 1045 2212 quire,
1066 2136 1154 2194 malle

108 2259 140 2296 20
152 2253 207 2310 pro
229 2233 321 2310 magis
342 2234 428 2307 velle,
446 2234 527 2293 nolle
547 2251 601 2308 pro
622 2251 684 2292 non
705 2234 789 2306 velle,
807 2232 882 2294 dein
903 2232 992 2293 etiam
1014 2252 1104 2310 saepe
1125 2243 1155 2293 et

152 2331 219 2392 exin
241 2351 295 2408 pro
316 2328 427 2390 deinde
448 2341 478 2391 et
498 2349 552 2408 pro
573 2329 682 2390 exinde
703 2329 838 2391 dicimus.
883 2330 974 2406 Quid,
997 2329 1071 2390 illud
1092 2350 1154 2390 non

151 2431 212 2490 olet
226 2430 307 2489 unde
322 2427 369 2502 sit,
384 2428 467 2504 quod
486 2426 594 2489 dicitur
611 2426 760 2501 cumillis,
777 2448 846 2488 cum
865 2440 966 2489 autem
985 2426 1073 2488 nobis
1092 2446 1154 2487 non

151 2527 266 2599 dicitur,
290 2527 344 2586 sed
372 2525 555 2586 nobiscum?
589 2525 660 2603 quia
686 2524 711 2584 si
733 2524 775 2585 ita
796 2525 950 2600 diceretur,
977 2524 1155 2586 obscaenius

152 2636 361 2685 concunerent
385 2610 507 2696 litterae,
529 2633 563 2684 ut
587 2622 677 2685 etiam
703 2625 804 2697 modo,
829 2622 886 2683 nisi
906 2634 1006 2683 autem
1027 2623 1155 2701 interpo

108 2745 139 2795 ²5
153 2721 286 2794 suissem,
309 2719 535 2782 concurrissent.
580 2723 626 2781 Ex
646 2742 683 2783 eo
704 2733 749 2782 est
770 2741 889 2781 mecum
910 2730 940 2781 et
961 2731 1070 2793 tecum,
1092 2740 1155 2780 non

70 2847 72 2850 ⁴
152 2839 222 2880 eum
246 2839 295 2879 me
318 2830 347 2879 et
371 2838 441 2879 cum
465 2829 502 2892 te,
526 2829 560 2879 ut
583 2829 661 2880 esset
685 2818 781 2878 simile
804 2816 861 2878 illis
881 2817 1040 2878 nobiscum
1064 2829 1155 2894 atque

151 2917 315 2979 vobiscum.
1103 2948 1104 2951 ¹

193 3018 293 3092 Atque
307 3014 397 3075 etiam
411 3035 430 3074 a
444 3014 624 3092 quibusdam
639 3035 705 3075 sero
719 3013 777 3073 iam
793 3014 970 3075 emendatur
982 3011 1154 3090 antiquitas,

152 3114 204 3192 qui
226 3115 300 3174 haec
320 3114 549 3190 reprehendunt.
593 3115 672 3172 Nam
695 3133 750 3190 pro
770 3115 861 3173 deum
884 3121 974 3189 atque
996 3110 1154 3171 hominum

107 3235 140 3286 30
153 3213 244 3272 fidem
269 3213 394 3288 deorum
419 3209 510 3270 aiunt
555 3213 602 3270 Ita
629 3212 720 3271 credo
744 3211 803 3270 hoc
827 3208 869 3268 illi
894 3208 1069 3270 nesciebant
1081 3231 1093 3268 :-
1115 3228 1154 3268 an

1165 2984 1209 3057 46

1170 3089 1215 3140 1⁵⁵

187 3383 198 3415 1
217 3382 296 3428 saepe
307 3365 333 3413 A
347 3383 354 3414 t
370 3366 452 3414 semel
464 3363 487 3412 L
610 3380 625 3426 3
643 3371 669 3413 et
681 3359 761 3413 semel
773 3364 876 3426 quidem
888 3378 936 3412 nos
952 3361 1110 3426 Heerdegen:
1128 3369 1154 3411 et

151 3431 254 3495 quidem
267 3447 315 3479 nos
326 3431 376 3479 AL
388 3447 394 3478 :
411 3431 552 3492 etquidem
565 3446 614 3479 nos
625 3429 707 3479 semel
715 3430 813 3493 Bergk:
830 3436 908 3491 atque
920 3430 980 3477 item
993 3443 1040 3476 nos
1052 3427 1156 3491 Seyffirt

151 3499 210 3546 8.in
222 3498 274 3545 vas'
285 3495 444 3559 Heerdegen:
461 3503 533 3545 etuas
545 3495 571 3543 A
583 3513 590 3545 t
607 3510 680 3543 muas
691 3493 714 3541 L
771 3492 856 3558 paimi'
867 3493 984 3542 Ribbeck:
1003 3493 1098 3556 palmet
1109 3492 1135 3540 A
1147 3509 1153 3541 ι

151 3563 235 3626 palma
246 3561 307 3611 etL
375 3576 405 3611 10
422 3569 449 3610 et
460 3560 547 3611 om.A
617 3563 647 3608 16
659 3559 806 3609 taxillisA:
822 3557 937 3609 axillisL
1005 3556 1153 3621 paxilloA:

151 3626 295 3693 pauxilloL
383 3629 416 3676 26
432 3627 565 3678 vobiscum
576 3634 604 3675 et
615 3625 748 3676 nobiscum
759 3625 830 3674 AL:
846 3630 1003 3675 correxerunt
1011 3623 1074 3672 Itale¹
