2588 4178
284 219 343 278 DE
364 217 533 280 OPTIMO
555 218 731 278 GENERE
753 217 997 280 ORATORVM
1124 232 1192 295 514

142 381 244 442 formis
261 393 415 460 tamquam
437 380 546 460 figuris
561 381 659 443 verbis
680 383 720 442 ad
740 393 872 442 nostram
893 381 1143 444 consuetudinem

141 479 226 555 aptis.
271 481 308 540 In
333 479 442 558 quibus
467 499 528 540 non
553 480 678 541 verbum
706 500 760 557 pro
784 480 878 541 verbo
904 500 1026 541 necesse
1051 479 1144 540 habui

140 579 274 651 reddere,
290 579 345 638 sed
364 598 459 655 genus
480 597 571 637 omne
592 577 750 638 verborum
764 577 886 656 vimque
907 577 1027 639 servavi.
1072 580 1143 639 Non

140 675 222 736 enirn
243 694 279 736 ea
299 695 348 735 me
368 677 564 736 adnumerare
585 676 688 736 lectori
709 676 810 754 putavi
831 689 975 755 oportere,
998 679 1051 738 sed
1073 689 1146 738 tam-

111 799 125 843 5
140 792 232 850 quam
246 775 425 851 appendere.
463 773 524 833 Hic
539 773 623 833 labor
638 793 722 835 meus
736 775 795 834 hoc
809 776 997 852 adsequetur,
1008 785 1041 833 ut
1052 774 1144 835 nostri
1161 792 1191 843 15

141 869 280 931 homines
295 869 368 949 quid
388 871 428 931 ab
448 869 505 930 illis
526 870 652 949 exigant,
668 871 720 949 qui
742 892 774 932 se
794 872 910 932 Atticos
924 874 1036 946 volunt,
1053 883 1084 933 et
1104 875 1144 933 ad

141 989 232 1046 quam
261 988 313 1029 eos
342 969 427 1047 quasi
455 971 613 1029 formulam
640 969 763 1031 dicendi
793 983 934 1038 revocent
961 969 1142 1048 intellegant.

144 1067 221 1126 ‘Sed
235 1064 383 1127 exorietur
396 1064 609 1142 Thucydides,
630 1065 693 1126 eius
708 1065 789 1128 enirn
803 1066 926 1144 quidam
941 1068 1144 1143 eloquentiam

140 1162 343 1224 admirantur!
385 1165 422 1224 Id
437 1162 560 1242 quidem
574 1175 672 1238 recte;
693 1167 746 1225 sed
761 1163 835 1224 nihil
853 1167 893 1226 ad
912 1185 981 1225 eum
996 1176 1143 1226 oratorem

96 1282 127 1318 ra
141 1281 232 1339 quern
247 1260 425 1339 quaerimus.
469 1260 560 1322 Aliud
581 1273 626 1322 est
640 1261 721 1322 enim
742 1261 888 1340 explicare
903 1281 948 1322 res
969 1272 1066 1339 gestas
1080 1280 1145 1321 nar-

142 1361 247 1433 rando,
262 1359 343 1420 alind
364 1361 601 1436 argumentando
622 1359 770 1419 criminari
791 1359 942 1421 crimenve
962 1359 1144 1433 dissolvere;

142 1457 224 1517 aliud
248 1467 416 1517 narrantem
446 1468 547 1518 tenere
577 1456 753 1531 auditorem,
777 1455 858 1518 aliud
884 1456 1042 1518 concitare.
1087 1459 1145 1517 ‘At

143 1555 274 1632 loquitur
287 1556 429 1635 pulchre.²
471 1552 553 1618 Num
574 1555 680 1614 melius
699 1574 789 1632 quam
805 1556 914 1621 Plato?
954 1555 1087 1614 Necesse
1101 1565 1146 1613 est
1162 1557 1191 1608 16

144 1659 246 1713 talnen
281 1651 390 1713 oratori
424 1672 514 1730 quem
547 1651 717 1735 quaerimus
752 1650 967 1712 controversias
1000 1650 1146 1729 explicare

97 1770 132 1825 15-
143 1750 269 1812 forensis
283 1750 405 1812 dicendi
419 1768 527 1828 genere
537 1762 612 1828 ¹apto
626 1752 664 1811 ad
679 1751 860 1822 docendum,
873 1751 912 1809 ad
923 1750 1146 1823 delectandum,

144 1850 184 1909 ad
202 1850 447 1928 permovendum.
491 1850 561 1923 Qua
580 1867 611 1908 re
631 1847 655 1907 si
674 1845 741 1932 quis
760 1846 815 1906 erit
830 1845 881 1924 qui
899 1865 931 1906 se
945 1844 1181 1922 Thucydideofi

144 1966 252 2025 genere
266 1966 371 2007 causas
386 1945 416 2005 in
430 1947 496 2005 foro
512 1944 666 2006 dicturum
682 1963 747 2004 esse
767 1945 950 2022 profiteatur,
964 1943 989 2003 is
1008 1942 1146 2003 abhone-

142 2040 186 2114 bit
213 2039 302 2100 etiam
324 2060 342 2100 a
363 2039 532 2118 suspicione
557 2039 620 2099 eius
643 2039 726 2116 quod
748 2047 880 2097 versatur
903 2036 934 2096 in
957 2056 988 2096 re
1012 2035 1091 2096 civili
1116 2046 1145 2096 et

144 2137 254 2201 lorensi
265 2160 273 2212 ;
305 2137 350 2197 sin
372 2137 582 2214 Thucydidem
604 2135 746 2208 laudabit,
772 2134 900 2194 ascribat
921 2153 993 2194 suae
1012 2144 1144 2193 nostram

98 2234 331 2300 rosententiam.
376 2235 458 2311 Quin
480 2234 577 2312 ipsum
601 2236 772 2306 Isocratem,
794 2251 884 2310 quem
905 2231 1024 2296 divinus
1042 2242 1146 2291 auctor
1163 2243 1198 2302 ιγ’

145 2335 232 2393 Plato
246 2352 333 2393 suum
346 2334 409 2392 'fere
427 2334 582 2408 aequalem
597 2329 811 2392 admirabiliter
829 2329 860 2389 in
875 2331 1012 2389 Phaedro
1032 2327 1146 2389 laudari

144 2430 214 2491 fec'it
228 2431 268 2491 ab
288 2433 410 2491 Socrate
431 2450 582 2507 quemque
603 2449 709 2504 omnes
723 2427 806 2489 docti
827 2441 978 2487 summum
997 2437 1145 2486 oratorem

144 2549 209 2605 esse
223 2529 368 2601 dixerunt,
385 2540 487 2592 tamen
507 2529 589 2588 hunc
603 2527 633 2586 in
653 2546 811 2587 numerum
826 2545 887 2585 non
908 2544 1029 2602 repono.
1073 2526 1145 2585 Non

144 2626 223 2687 enirn
247 2626 278 2685 in
303 2625 367 2686 acie
391 2636 522 2686 versatur
546 2646 602 2685 nec
627 2626 711 2696 feno,
739 2625 792 2685 sed
817 2622 902 2700 quasi
930 2623 1054 2683 rudibus
1082 2622 1145 2683 eius

98 2751 128 2800 ²5
143 2724 237 2785 eludit
251 2723 354 2785 oratio.
398 2726 427 2783 A
441 2741 490 2783 me
510 2734 618 2796 autern,
635 2733 669 2781 ut
689 2742 759 2782 curn
781 2720 917 2781 maximis
939 2720 1062 2780 minima
1076 2740 1146 2780 con-

143 2825 246 2896 seram,
262 2821 458 2900 gladiatorum
480 2840 533 2898 par
553 2819 773 2880 nobilissimum
795 2818 953 2890 inducitur,
970 2817 1144 2890 Aeschines,

143 2931 296 2996 tamquam
318 2917 509 2989 Aeserninus
533 2928 565 2977 ut
585 2915 627 2976 ait
649 2915 790 2988 Lucilius,
813 2934 874 2974 non
896 2934 1021 2992 spurcus
1040 2916 1142 2989 homo,

178 3092 188 3123 1
208 3083 336 3138 tamquam
349 3073 433 3123 codd:
450 3081 527 3135 atque
536 3072 642 3120 Hedicke
711 3087 726 3132 3
742 3087 818 3120 omne
827 3070 1014 3133 Hieronymus:
1030 3069 1144 3116 omnium

142 3141 211 3190 codd.
300 3155 315 3201 5
333 3140 489 3200 adsequetur
500 3139 652 3186 Ascensins:
669 3138 820 3199 adscquitur
830 3135 898 3184 codd.
984 3136 1000 3183 8
1016 3135 1147 3183 exorietur

144 3205 206 3256 GP:
230 3206 344 3254 exoritur
361 3204 427 3253 codd.
445 3203 502 3254 den.
519 3211 542 3251 et
557 3203 593 3252 cd.
613 3202 728 3251 Non'mb.
852 3216 869 3262 9
886 3200 1045 3270 admirantur
1059 3198 1146 3261 vulg:

143 3272 283 3320 admiratur
296 3269 344 3319 GP
436 3285 465 3317 12
482 3269 611 3318 concitare
622 3267 723 3316 Aldus:
739 3266 911 3315 concitantem
924 3263 993 3314 codd.
1115 3277 1144 3322 14

142 3337 273 3398 explicare
287 3335 388 3384 Aldus:
410 3334 581 3395 explicantem
599 3331 660 3382 GP:
680 3347 714 3380 an
730 3333 924 3394 explicantem.
945 3366 952 3380 .
972 3367 978 3380 .
995 3342 1090 3388 genere
1109 3329 1144 3376 uti

142 3405 219 3464 aptoi
242 3401 362 3450 Fricdn'clr
454 3401 484 3447 18
500 3400 568 3459 quod
579 3398 692 3446 Emcstc':
710 3413 776 3460 quae
788 3397 855 3446 codd.
954 3411 985 3456 19
1000 3394 1040 3441 sin
1054 3391 1146 3441 Orelli:

142 3469 164 3516 si
179 3466 240 3517 GP:
259 3467 309 3530 (et)
323 3466 365 3528 qui
378 3464 445 3513 codd.
459 3464 515 3514 dett.
598 3479 629 3512 aa
647 3464 716 3511 docti
728 3477 855 3512 summurn
866 3462 954 3524 vnlg.:
970 3459 1145 3507 doctissimum

141 3532 210 3581 codd.
310 3546 342 3592 24
360 3546 408 3580 nec
422 3531 491 3578 ferro
506 3528 658 3579 Hermann:
675 3535 701 3576 et
716 3528 784 3589 ferro
802 3527 862 3576 GP:
887 3535 913 3575 et
932 3526 985 3574 soro
1002 3522 1068 3574 codd.
1085 3523 1142 3572 dett.

143 3598 189 3647 sed
202 3598 276 3658 quasi
287 3598 353 3661 vulg.
366 3614 372 3645 ι
389 3604 416 3645 et
427 3596 498 3658 quasi
513 3595 560 3644 GP
692 3596 726 3641 26
741 3593 888 3642 Aeschines
900 3606 957 3640 cum
971 3588 1145 3638 Demosthene

141 3662 236 3712 Schrita
369 3677 400 3723 27
419 3672 446 3711 ut
457 3661 493 3711 ait
506 3659 618 3710 Lucilius
628 3659 681 3710 sect.
696 3659 818 3708 Friedrich
