2588 4178
554 192 719 253 BRVTVS
1101 204 1138 263 91
1153 199 1201 263 31⁶

138 356 194 416 fuit
222 356 384 434 Dionysius
418 359 562 434 Magnes:
597 369 659 417 erat
688 356 777 417 etiam
808 358 972 433 Aeschylus
1001 355 1136 429 Cnidius,

139 455 371 531 Adramyttenus
392 456 550 515 Xenocles.
596 455 639 514 Hi
660 466 724 515 tum
746 453 777 514 in
796 453 868 514 Asia
889 456 1039 514 rhetorum
1061 453 1138 530 prin-

138 553 220 629 cipes
235 553 474 612 numerabantur.
518 551 637 628 Quibus
656 572 718 612 non
733 564 892 612 contentus
910 553 1054 612 Rhodum
1069 551 1136 612 veni

139 671 247 727 meque
279 652 318 710 ad
346 651 485 723 eundem,
516 670 605 728 quem
635 652 752 710 Romae
779 649 950 710 audiveram
980 651 1137 711 Molonem

110 748 285 827 sapplicavi
304 769 374 808 cum
394 760 526 808 actorem
547 747 577 808 in
596 748 672 808 veris
691 748 787 809 causis
807 748 1041 826 scriptoremque
1058 768 1138 826 prae-

139 858 265 906 stantem
289 858 352 906 tum
378 845 408 904 in
431 846 571 906 notandis
592 845 925 924 animadvertendisque
946 845 1024 906 vitiis
1051 857 1081 906 et
1105 848 1137 905 in

138 943 323 1004 instituendo
338 945 538 1020 docendoque
552 943 824 1020 prudentissimum.
862 945 893 1004 Is
907 942 991 1004 dedit
1005 964 1135 1022 operam,

139 1041 163 1101 si
185 1043 277 1102 modo
299 1041 330 1102 id
353 1040 497 1118 consequi
518 1040 623 1119 potuit,
646 1053 679 1100 ut
701 1040 789 1101 nimis
808 1040 1003 1102 redundantis
1027 1061 1083 1101 nos
1107 1054 1137 1102 et

139 1159 227 1217 supra
241 1139 360 1199 fluentis
375 1138 495 1199 iuvenili
509 1140 640 1216 quadam
652 1138 772 1200 dicendi
783 1138 960 1216 impunitate
975 1150 1004 1198 et
1018 1137 1138 1199 licentia

96 1253 126 1288 10
139 1236 309 1314 reprimeret
336 1249 366 1297 et
388 1235 473 1313 quasi
497 1248 578 1296 extra
599 1235 677 1313 ripas
701 1235 862 1296 diffluentis
890 1248 1046 1296 coerceret.
1091 1238 1138 1296 Ita

138 1333 237 1411 recepi
258 1354 307 1393 me
327 1333 451 1393 biennio
471 1344 539 1410 post
560 1353 621 1393 non
647 1334 739 1393 modo
767 1333 950 1394 exercitatior
970 1335 1024 1393 sed
1045 1353 1138 1412 prope

138 1442 278 1490 mutatus.
322 1433 399 1490 Nam
418 1442 449 1490 et
467 1430 621 1491 contentio
636 1429 728 1490 nimia
741 1430 823 1490 vocis
842 1432 990 1492 resederat
1009 1442 1039 1490 et
1053 1430 1137 1508 quasi

138 1528 301 1587 deferverat
329 1525 424 1587 oratio
451 1526 653 1604 lateribusque
680 1526 756 1586 vires
780 1538 810 1586 et
835 1526 950 1605 corpori
980 1526 1137 1587 mediocris

138 1625 258 1685 habitus
278 1635 450 1685 accesserat

96 1739 123 1787 ¹5
181 1725 251 1781 Duo
266 1733 328 1781 tum
344 1722 529 1781 excellebant
542 1732 673 1781 oratores
688 1720 739 1798 qui
754 1741 803 1781 me
816 1719 953 1781 imitandi
974 1721 1137 1799 cupiditate

138 1819 302 1892 incitarent,
321 1820 412 1881 Cotta
432 1830 462 1878 et
484 1817 663 1879 Hortensius
673 1841 682 1893 ;
706 1839 832 1895 quorum
854 1821 927 1878 alter
947 1819 1087 1880 remissus
1107 1832 1138 1880 et

139 1916 213 1976 lenis
227 1929 257 1976 et
270 1915 396 1994 propriis
409 1916 506 1976 verbis
525 1918 743 1994 comprendens
763 1918 859 1976 solute
876 1928 906 1976 et
922 1916 1008 1977 facile
1022 1929 1138 1977 senten·

138 2014 218 2087 tiam,
235 2016 308 2074 alter
321 2026 453 2089 omatus,
466 2034 534 2075 acer
551 2026 581 2075 et
602 2034 664 2074 non
681 2013 747 2073 talis
761 2016 880 2091 qualem
895 2025 926 2073 tu
941 2034 1019 2086 eum,
1037 2017 1135 2087 Brute,

138 2112 197 2171 iam
222 2113 468 2172 deflorescentem
495 2110 668 2189 cognovisti,
694 2112 748 2171 sed
770 2112 927 2171 verborum
955 2123 985 2171 et
1011 2111 1137 2173 actionis

94 2231 127 2266 20
138 2229 246 2285 genere
278 2208 464 2270 commotior.
518 2210 625 2286 Itaque
652 2228 720 2268 cum
751 2208 915 2268 Hortensio
943 2208 1015 2268 mihi
1045 2209 1138 2287 magis

139 2306 300 2366 arbitrabar
320 2327 382 2366 rem
404 2326 477 2378 esse,
496 2307 579 2383 quod
599 2317 629 2366 et
650 2305 770 2366 dicendi
791 2307 896 2366 ardore
916 2327 996 2367 eram
1018 2306 1138 2385 propior

138 2415 169 2464 et
195 2414 292 2463 aetate
320 2402 514 2463 coniunctior.
567 2402 687 2464 Etenim
709 2402 840 2463 videram
862 2403 892 2461 in
914 2403 1008 2463 isdem
1031 2403 1135 2476 causis,

138 2513 172 2560 ut
186 2521 239 2578 pro
255 2503 297 2559 M.
315 2500 469 2574 Canuleio,
485 2522 539 2579 pro
553 2502 610 2564 Cn.
622 2503 781 2562 Dolabella
795 2501 950 2574 consulari,
964 2522 1032 2561 cum
1048 2504 1137 2562 Cotta

139 2599 277 2676 princeps
299 2597 451 2659 adhibitus
475 2610 561 2672 esset,
585 2599 697 2677 priores
718 2611 818 2658 tamen
840 2619 926 2676 agere
948 2598 1038 2676 partis
1061 2601 1138 2659 Hor-

93 2709 126 2758 25
139 2696 278 2756 tensium.
312 2698 420 2756 Acrem
436 2695 517 2756 enim
531 2708 687 2770 oratorem,
703 2705 731 2755 et
742 2695 897 2756 incensum
913 2707 943 2756 et
956 2708 1093 2774 agentem
1108 2709 1138 2756 et

139 2813 282 2854 canorum
309 2813 472 2854 concursus
496 2793 653 2855 hominum
681 2794 796 2870 forique
819 2793 958 2871 strepitus
980 2793 1136 2854 desiderat.

139 2893 241 2950 Vnum
272 2889 359 2967 igitur
391 2910 514 2966 annum,
546 2911 615 2950 cum
648 2890 826 2951 redissemus
859 2911 895 2950 ex
925 2890 1005 2963 Asia,
1034 2911 1138 2969 causas
1152 2907 1199 2966 318

138 2987 248 3047 nobilis
275 2986 397 3064 egimus,
423 3008 505 3065 cum
521 3000 709 3065 quaesturam
738 3008 801 3060 nos,
825 2990 1013 3048 consulatum
1039 2989 1136 3061 Cotta,

1150 1685 1192 1744 92

1150 1771 1197 1824 317

174 3157 185 3188 1
205 3142 342 3190 Aeschilus
352 3142 389 3192 F:
407 3143 509 3191 esculus
522 3142 544 3191 G
609 3144 706 3192 cnidius
719 3142 756 3191 0²
767 3148 851 3191 vetus:
869 3144 971 3204 gnidius
982 3144 1020 3192 F:
1038 3144 1139 3191 enidius

140 3207 162 3254 C
283 3208 350 3255 oin
380 3207 437 3257 add.
459 3207 591 3257 Eberhard
695 3223 806 3269 9supra
826 3209 935 3257 fluentes
955 3208 1017 3256 FG:
1050 3224 1138 3272 supra·
1186 3218 1188 3222 ’

140 3271 285 3321 fluentesC
347 3279 373 3320 et
392 3289 412 3321 s.
425 3274 477 3321 secl.
498 3272 592 3321 Schelle
693 3287 724 3321 ro
741 3273 887 3321 diffluentes
906 3275 993 3336 vulg:
1011 3275 1137 3322 diffluenti

140 3337 178 3385 F:
195 3337 354 3385 diffluentem
368 3336 391 3386 C
495 3351 526 3386 12
542 3338 694 3386 resederat.
709 3374 715 3387 .
731 3374 737 3387 .
752 3338 897 3387 deferverat
908 3340 994 3401 vulg.:
1011 3340 1138 3388 reciderat

138 3400 379 3452 ...reserv2ratL
480 3417 509 3462 13
527 3403 627 3464 corpori
640 3401 707 3452 codd.
720 3403 785 3452 det:
805 3401 955 3465 corporisL
1066 3404 1095 3451 18
1113 3412 1139 3451 et

140 3483 193 3514 non
206 3467 238 3515 L:
260 3475 331 3516 certe
344 3483 395 3515 non
411 3464 538 3516 Weidner:
557 3469 582 3516 id
593 3477 634 3517 est
646 3484 698 3517 non
705 3467 801 3531 Stangl
808 3487 813 3517 :
830 3477 857 3517 et
867 3469 919 3517 secl.
931 3468 999 3517 Bake
1105 3484 1136 3517 21

138 3532 207 3645 quqd
219 3530 256 3580 L:
276 3533 315 3581 cui
324 3530 405 3592 Jahn'
463 3547 494 3594 24
514 3540 583 3582 esset
595 3531 633 3581 L:
653 3540 708 3582 erat
720 3535 812 3582 maluit
820 3533 913 3597 Stangl
979 3542 1022 3594 ‘25
1041 3541 1066 3582 et
1079 3534 1138 3583 add.

194 3614 207 3646 e
