2588 4178
116 221 153 283 5⁷
168 218 215 267 208
420 210 463 268 M.
486 209 613 269 Tuum
636 206 868 270 crenuours

166 374 287 435 interest
306 395 406 435 coram
421 375 521 436 videre
534 371 597 449 me,
613 396 702 453 quem
722 378 761 436 ad
778 378 906 436 modum
924 374 1108 436 adversarius
1125 377 1165 437 de

165 485 284 551 quaque
299 493 329 532 re
340 475 503 548 adseveret,
518 474 644 534 maxime
658 485 767 546 autem,
778 494 869 551 quem
883 475 922 534 ad
937 475 1062 534 modum
1077 494 1166 550 quae-

165 590 224 648 que
238 590 283 631 res
298 570 441 631 audiatur.
478 573 537 631 Sed
552 572 594 630 nil
608 571 742 631 vitiosius
756 590 855 648 quarn,
867 590 936 630 cum
947 591 1041 630 unum
1056 589 1165 648 eorpus

165 669 274 729 debeat
288 688 353 728 esse
368 668 556 740 defensionis,
568 668 650 728 nasci
664 671 703 729 de
718 668 832 746 integro
847 687 977 740 causam,
989 688 1058 727 cum
1073 667 1112 727 sit
1125 669 1165 728 ab

104 785 151 834 209
164 767 257 826 altero
271 776 415 842 perorata.
451 766 596 826 Omnium
608 765 688 825 enim
703 785 858 826 causarum
870 784 964 825 unum
975 776 1020 824 est
1031 766 1165 825 naturale
1179 786 1193 836 5

165 862 351 941 principium,
375 883 435 923 una
459 863 624 940 peroratio;
653 863 784 940 reliquae
805 874 902 940 partes
924 861 1009 938 quasi
1030 862 1166 923 membra

165 979 219 1019 suo
234 980 370 1038 quaeque
390 963 457 1021 loco
474 963 570 1021 locata
589 980 674 1020 suam
693 971 723 1020 et
736 959 797 1018 vim
812 972 841 1019 et
855 959 1031 1036 dignitatem
1051 970 1162 1020 tenent.

166 1057 243 1118 Cum
265 1070 365 1118 autem
390 1059 509 1119 difficile
532 1060 569 1119 sit
591 1059 622 1118 in
647 1061 735 1135 longa
758 1057 892 1118 oratione
916 1078 978 1118 non
1001 1057 1164 1135 aliquando

110 1179 114 1188 ·
165 1154 278 1231 aliquid
294 1153 335 1213 ita
349 1155 448 1214 dicere
462 1167 494 1214 ut
509 1155 565 1215 sibi
583 1155 647 1233 ipse
669 1175 730 1227 non
750 1155 916 1227 conveniat,
933 1168 1047 1232 quanto
1061 1155 1164 1215 diffici-

165 1251 220 1310 lius
240 1271 350 1323 cavere‚
367 1273 405 1312 ne
422 1252 495 1330 quid
509 1254 590 1313 dicas
608 1256 691 1331 quod
705 1274 767 1314 non
781 1253 940 1313 conveniat
954 1253 1017 1314 eius
1037 1253 1163 1314 orationi
1182 1272 1212 1308 10

165 1348 306 1425 quiante
328 1360 357 1409 te
379 1349 508 1410 dixerit?
549 1352 609 1411 Sed
634 1351 704 1428 quia
725 1362 755 1410 et
779 1352 863 1411 labor
886 1353 981 1411 multo
1004 1351 1098 1410 maior
1118 1363 1164 1411 est

164 1457 258 1507 totam
279 1467 399 1507 causam
419 1467 509 1524 quam
528 1459 642 1525 partem
661 1448 760 1508 dicere
775 1460 804 1508 et
818 1448 888 1525 quia
907 1451 1005 1526 plures
1024 1448 1165 1508 ineuntur

164 1543 273 1620 gratiae
296 1543 319 1603 si
342 1564 403 1604 uno
429 1556 562 1623 tempore
590 1545 672 1605 dicas
700 1565 754 1622 pro
778 1545 921 1623 pluribus,
944 1544 1057 1606 idcirco
1084 1547 1164 1607 hanc

164 1642 412 1701 consuetudinem
434 1641 559 1703 libenter
579 1641 767 1702 adscivimus.

206 1740 298 1798 Erant
311 1750 411 1799 tamen
431 1739 540 1817 quibus
559 1739 707 1800 videretur
725 1739 803 1798 illius
821 1738 926 1799 aetatis
943 1740 1045 1800 tertius
1060 1741 1161 1814 Curi0‚
1179 1760 1208 1809 15

164 1835 234 1914 quia
248 1837 499 1914 splendidioribus
518 1839 641 1898 fortasse
654 1837 751 1897 verbis
771 1837 910 1896 utebatur
928 1848 958 1897 et
972 1837 1042 1915 quia
1056 1837 1163 1898 Latine

164 1955 225 1995 non
236 1934 364 2012 pessime
375 1936 562 2011 loquebatur,
571 1954 635 2007 usu,
646 1937 745 2008 credo,
755 1934 856 2012 aliquo
870 1935 1045 1995 domestico,
1082 1938 1163 1996 Nam

164 2032 325 2092 litterarum
339 2034 505 2093 admodum
519 2032 594 2091 nihil
608 2032 739 2107 sciebat3
760 2034 814 2092 sed
834 2032 933 2110 magni
950 2033 1072 2094 interest
1086 2039 1163 2111 quos

164 2129 291 2207 quisque
310 2130 411 2191 audiat
432 2129 543 2190 cotidie
561 2129 654 2202 domi,
670 2130 849 2207 quibuscum
870 2132 1010 2208 loquatur
1027 2151 1162 2209 apuero,

164 2243 254 2305 quem
269 2230 308 2288 ad
324 2230 448 2288 modum
463 2238 567 2306 patres,
581 2228 752 2306 paedagogi,
767 2240 874 2288 matres
889 2228 979 2288 etiam
993 2231 1161 2306 loquantur.
1179 2261 1211 2296 ιο

105 2347 148 2382 :11
164 2325 304 2403 Legimus
326 2325 465 2404 epistulas
487 2325 645 2387 Corneliae
667 2325 770 2385 matris
792 2327 1013 2387 Gracchorum:
1041 2339 1164 2406 apparet

165 2423 240 2484 filios
255 2444 317 2484 non
332 2435 392 2483 tam
407 2425 439 2482 in
453 2423 565 2500 gremio
580 2425 722 2483 educatos
737 2443 828 2500 quam
845 2423 876 2482 in
896 2444 1033 2485 sermone
1053 2426 1161 2486 matris.

164 2521 294 2581 Auditus
315 2532 360 2580 est
381 2519 468 2580 nobis
489 2520 610 2580 Laeliae
632 2520 665 2581 C.
689 2522 722 2579 F.
744 2540 833 2597 saepe
854 2540 969 2582 sermo:
991 2543 1061 2601 ergo
1082 2523 1163 2583 illam

166 2619 254 2698 patris
269 2617 415 2695 elegantia
429 2618 552 2677 tinctam
563 2617 692 2678 vidimus
707 2629 737 2678 et
750 2618 824 2678 filias
839 2617 902 2678 eius
918 2619 1035 2680 Mucias
1049 2623 1163 2698 ambaS,

165 2735 290 2793 quarum
304 2735 402 2776 sermo
416 2713 489 2774 mihi
508 2715 564 2775 luit
580 2726 677 2788 notus,
693 2727 723 2776 et
741 2726 846 2793 neptes
860 2716 999 2793 LiciniaS,
1015 2739 1089 2795 quas
1108 2740 1164 2780 nos
1180 2747 1210 2797 ²5

165 2813 287 2890 quidem
307 2814 420 2887 ambas,
437 2815 515 2872 hanc
529 2832 600 2886 vero
614 2812 761 2890 Scipionis
777 2813 870 2874 etiam
890 2825 930 2887 tu,
948 2819 1047 2889 Brute,
1063 2819 1162 2890 cred0‚

164 2909 325 2987 aliquando
339 2909 447 2970 audisti
461 2911 643 2987 loquentem.
684 2913 749 2988 Ego
759 2931 830 2972 vero
843 2931 879 2971 ac
893 2911 1019 2973 libenter
1030 2913 1161 2991 quidem,

165 3007 260 3085 inquit
284 3011 392 3067 Brutus
403 3029 411 3082 3
440 3019 470 3068 et
492 3028 529 3069 eo
554 3007 703 3081 libentius,
724 3010 806 3086 quod
828 3011 861 3069 L.
883 3009 982 3070 Crassi
1005 3023 1066 3071 erat
1093 3011 1160 3072 filia

103 3129 148 3164 212
166 3105 248 3182 Quid
263 3107 413 3178 Crassum,
429 3105 559 3183 inquam,
576 3105 660 3166 illum
679 3127 791 3180 censes
807 3106 891 3167 istius
906 3107 1040 3168 Liciniae
1059 3107 1162 3182 filium,

166 3202 264 3265 Crassi
278 3214 457 3263 testamento
471 3203 523 3281 qui
537 3203 592 3263 suit
606 3206 787 3282 adoptatus?
828 3207 953 3265 Summo
970 3206 1025 3265 iste
1040 3205 1162 3283 quidem
1179 3231 1210 3280 30

165 3300 272 3361 dicitur
280 3299 399 3378 ingenio
408 3300 506 3373 fuisse,
515 3300 611 3378 inquit
618 3323 626 3376 3
641 3312 670 3361 et
679 3322 749 3362 vero
760 3301 809 3362 hic
820 3302 928 3380 Scipi0,
935 3305 1060 3382 conlega
1069 3324 1162 3378 meus,

165 3398 238 3458 mihi
256 3419 328 3458 sane
345 3399 422 3459 bene
442 3409 471 3458 et
490 3399 573 3482 loqui
587 3398 703 3460 videtur
716 3410 746 3459 et
760 3400 866 3461 dicere.
911 3403 1013 3473 Recte,
1030 3401 1162 3478 inquam,

111 1689 151 1762 58

103 1792 150 1828 210

196 3572 211 3604 2
228 3557 334 3618 maximi
342 3555 484 3603 Buttmann
590 3570 607 3615 9
624 3554 671 3604 sibi
683 3554 739 3617 ipse
752 3569 804 3603 non
816 3557 951 3605 conveniat
963 3557 1002 3606 L:
1019 3559 1067 3606 sibi
1079 3558 1162 3619 ipsum

165 3637 216 3669 non
229 3623 366 3671 conveniat
375 3619 534 3670 Lambinus:
552 3620 596 3668 tibi
609 3620 664 3682 ipse
677 3635 729 3668 non
741 3623 880 3671 convenias
891 3622 992 3671 Ernesti*
1090 3639 1116 3672 11
1137 3631 1163 3671 te

164 3703 215 3736 om.
228 3686 282 3736 HG
380 3701 412 3736 aa
429 3687 454 3734 in
464 3686 564 3752 ¹gremio
574 3687 642 3750 υκΙς.
656 3702 662 3734 :
680 3686 780 3746 gremio
792 3684 814 3733 L
