2588 4178
561 177 725 238 BRVTVS
1099 178 1140 252 76
1158 185 1204 238 2⁶⁶

140 355 171 404 et
186 355 302 404 tantum
317 343 389 422 quid
405 343 531 422 quisque
550 344 681 406 dicendo
700 343 837 423 potuerit,
854 343 995 422 quoniam
1010 344 1041 406 id
1056 365 1144 423 quae·

141 442 242 516 rimus,
258 441 471 521 praedicemus.

182 542 258 600 Sunt
270 540 358 600 etiam
370 561 406 599 ex
417 539 467 612 eis,
479 540 530 618 qui
544 542 652 601 eodem
667 542 748 601 bello
759 540 941 614 occiderunt,
953 543 996 600 M.
1009 540 1141 614 Bibulus,
1156 503 1205 645 3³7

141 636 193 714 qui
209 650 238 697 et
253 636 426 715 scriptitavit
439 650 585 710 accurate,
598 658 667 697 cum
681 638 853 715 praesertim
868 658 929 697 non
944 649 1022 698 esset
1036 651 1142 711 orator,

111 759 126 805 5
141 747 171 795 et
191 735 250 812 egit
270 737 363 794 multa
379 746 567 809 constanter;
589 735 705 813 Appius
720 735 864 798 Claudius
882 756 966 796 socer
983 747 1058 809 tuus,
1075 756 1144 796 con·

141 837 207 910 lega
222 845 251 893 et
265 831 416 892 familiaris
435 852 537 892 meus:
566 832 614 891 hic
633 832 692 893 iam
712 844 742 894 et
761 833 831 893 satis
848 832 999 894 studiosus
1013 844 1043 894 et
1057 836 1143 895 valde

142 951 212 991 cum
229 932 337 990 doctus
356 941 419 989 tum
437 929 526 990 etiam
546 930 721 991 exercitatus
742 942 841 991 orator
861 942 891 991 et
912 950 980 991 cum
997 930 1144 1008 auguralis

142 1040 207 1088 tum
221 1028 319 1088 omnis
334 1027 447 1104 publici
461 1026 531 1087 iuris
545 1027 789 1115 antiquitatisque
803 1041 921 1089 nostrae
938 1029 1016 1089 bene
1033 1029 1144 1107 peritus

141 1125 205 1185 fuit
250 1128 283 1185 L.
301 1124 452 1186 Domitius
468 1127 549 1185 nulla
562 1125 611 1185 ille
626 1125 748 1204 quidem
767 1137 837 1199 arte,
853 1128 906 1186 sed
922 1126 1028 1186 Latine
1043 1137 1144 1187 tamen

98 1235 172 1284 roet
195 1225 290 1282 multa
312 1242 381 1282 cum
406 1222 541 1282 libertate
569 1222 696 1283 dicebat.
749 1225 820 1283 Duo
847 1235 998 1301 praeterea
1025 1223 1142 1283 Lentuli
1159 1236 1206 1286 268

142 1322 322 1392 consulares,
338 1340 465 1396 quorum
481 1319 604 1379 Publius
621 1320 671 1380 ille
689 1333 855 1380 nostrarum
871 1320 1042 1380 iniuriarum
1056 1324 1142 1394 ultor,

142 1429 247 1477 auctor
267 1416 377 1489 salutis,
396 1415 539 1501 quicquid
561 1417 673 1491 habuit,
692 1430 968 1495 quantumcumque
988 1417 1051 1491 fuit,
1070 1417 1144 1478 illud

143 1526 241 1574 totum
264 1513 368 1574 habuit
391 1528 407 1574 e'
432 1513 589 1592 disciplina
600 1537 608 1589 3
637 1514 834 1575 instrumenta
855 1528 977 1576 naturae
1001 1518 1124 1576 deerant
1136 1538 1144 1589 ;

144 1614 197 1672 sed
225 1624 325 1671 tantus
355 1611 446 1671 animi
482 1614 623 1688 splendor
654 1625 684 1672 et
711 1624 794 1672 tanta
824 1612 999 1690 magnitudo
1027 1624 1060 1672 ut
1087 1612 1143 1673 sibi

102 1731 110 1762 ι
117 1732 130 1779 5
144 1708 254 1781 omnia,
277 1729 354 1785 quae
375 1712 520 1769 clarorum
540 1709 668 1770 virorum
690 1721 796 1783 essent,
821 1730 883 1769 non
904 1709 1053 1771 dubitaret
1072 1709 1146 1771 asci-

145 1826 227 1866 scere
248 1827 342 1883 eaque
363 1806 445 1867 omni
463 1806 606 1884 dignitate
625 1807 781 1868 obtineret.
825 1809 858 1866 L.
881 1818 981 1868 autem
999 1810 1145 1868 Lentulus

146 1903 216 1963 satis
237 1915 299 1964 erat
319 1903 401 1963 sortis
423 1917 528 1977 orator,
549 1905 574 1964 si
595 1907 687 1966 modo
709 1915 814 1978 orator,
837 1906 890 1964 sed
912 1904 1062 1981 cogitandi
1083 1925 1145 1966 non

145 1997 259 2062 ferebat
280 2003 411 2062 laborem
422 2025 430 2077 3
457 2023 514 2064 vox
539 2022 655 2075 canora,
678 2003 768 2062 verba
788 2022 850 2060 non
871 2001 990 2063 horrida
1011 2022 1089 2074 sane,
1113 2013 1146 2062 ut

146 2102 235 2176 plena
256 2112 333 2158 esset
353 2099 445 2159 animi
467 2112 496 2160 et
517 2098 633 2160 terroris
654 2099 769 2174 oratio;
801 2118 956 2176 quaereres
977 2099 1008 2158 in
1029 2098 1146 2160 iudiciis

100 2221 132 2266 20
146 2199 270 2256 sortasse
284 2196 397 2270 melius,
414 2197 445 2256 in
462 2217 493 2258 re
510 2197 631 2275 publica
645 2199 726 2276 quod
744 2207 806 2257 erat
823 2217 888 2258 esse
906 2196 1051 2257 iudicares
1066 2197 1143 2258 satis.

148 2296 196 2353 Ne
210 2297 245 2352 T.
262 2293 384 2371 quidem
400 2294 570 2354 Postumius
589 2296 828 2356 contemnendus
842 2294 872 2353 in
887 2293 1038 2369 dicend0;
1062 2297 1145 2355 dere
1160 2314 1218 2382 '⁶9'

147 2391 267 2468 publica
277 2412 347 2450 vero
361 2411 422 2450 non
437 2391 536 2451 minus
550 2394 711 2452 vehemens
726 2402 823 2452 orator
837 2411 928 2468 quam
942 2392 1067 2451 bellator
1080 2392 1143 2466 suit,

147 2489 304 2549 effrenatus
324 2501 353 2549 et
371 2510 439 2551 acer
459 2489 557 2563 nimis,
572 2492 626 2551 sed
647 2491 724 2550 bene
745 2487 815 2548 iuris
834 2488 947 2567 publici
964 2491 1042 2566 leges
1056 2501 1146 2569 atque

147 2585 282 2646 instituta
295 2599 480 2664 cognoverat.

102 2705 134 2754 25
190 2686 261 2743 Hoc
278 2686 345 2744 loco
360 2685 496 2744 Atticus:
525 2688 663 2745 Putarem
685 2695 724 2759 te,
738 2683 842 2762 inquit,
858 2678 1050 2743 ambitiosum
1072 2703 1144 2758 esse,

147 2780 179 2853 si,
192 2793 224 2842 ut
239 2781 346 2854 dixisti,
359 2782 386 2842 ei
400 2803 476 2858 quos
490 2782 550 2841 iam
564 2783 616 2844 diu
630 2781 754 2859 conligis
768 2781 907 2841 viverent.
944 2780 1051 2842 Omnis
1066 2781 1146 2841 enim

148 2898 372 2950 commemoras,
389 2878 440 2956 qui
453 2880 518 2939 ausi
531 2879 693 2958 aliquando
711 2891 780 2938 sunt
794 2889 905 2938 stantes
920 2877 1010 2956 loqui,
1026 2890 1059 2938 ut
1073 2876 1146 2937 mihi

148 2974 320 3053 imprudens
336 2979 379 3036 M.
396 2976 551 3037 Servilium
566 2977 739 3054 praeterisse
753 2975 879 3037 videare.
917 2977 995 3048 Non,
1013 2976 1143 3052 inquam,
1159 2965 1198 3039 78

148 3093 203 3149 ego
224 3073 300 3144 istuc
321 3073 432 3151 ignom,
450 3074 607 3152 Pomponi,
622 3075 732 3134 multos
750 3073 841 3132 fuisse
855 3072 906 3149 qui
920 3073 1044 3133 verbum
1063 3093 1147 3132 num·
1161 3068 1209 3120 ²7⁰

100 3177 238 3248 30'quam
262 3171 292 3230 in
315 3171 438 3248 publico
460 3170 606 3244 fecissent,
631 3191 699 3230 cum
723 3170 828 3230 melius
853 3168 1007 3247 aliquanto
1024 3182 1147 3247 possent

148 3288 238 3346 quam
263 3267 311 3328 isti
331 3280 462 3328 oratores
486 3288 561 3345 quos
587 3268 705 3345 conligo
727 3267 825 3328 dicere
835 3289 844 3342 ;
873 3270 926 3328 sed
950 3267 995 3327 his
1018 3287 1147 3328 comme-

181 3438 196 3482 3
214 3429 273 3470 sunt
286 3424 353 3470 enim
368 3421 465 3484 Kayser
580 3423 609 3470 18
627 3427 654 3469 ut
667 3420 707 3468 L:
724 3427 750 3469 at
765 3420 880 3469 Weidner
970 3437 999 3483 19
1017 3422 1094 3483 plena
1106 3420 1146 3470 L:

149 3489 226 3548 plane
240 3486 296 3536 0¹:
314 3489 390 3549 plene
409 3486 431 3534 G
497 3496 566 3536 esset
585 3488 637 3535 secl.
659 3485 768 3534 scaea:
789 3494 815 3535 et
837 3487 953 3535 Weidner
1038 3487 1146 3535 feruoris

148 3552 279 3616 Purgold:
295 3552 409 3628 horroris
423 3553 445 3601 C
539 3568 571 3614 23
589 3553 728 3601 acerrimus
738 3553 764 3600 F
