2588 4178
149 194 191 254 62
205 217 250 253 221
497 197 540 256 M.
563 197 692 258 TVLLI
714 197 948 260 CICERONIS

147 328 190 388 6²
244 363 281 420 In
302 364 410 423 eodem
431 362 518 440 igitur
538 384 663 426 numero
684 364 819 426 eiusdem
842 365 948 426 aetatis
969 365 1004 427 C.
1026 365 1126 427 Carbo
1146 365 1202 424 suit

141 432 185 468 ²²¹
200 456 278 519 illius
303 459 538 537 eloquentissimi
561 461 616 520 viri
640 461 725 522 filius.
773 464 845 523 Non
869 461 940 522 satis
963 472 1069 522 acutus
1093 473 1200 534 orator,

200 557 254 616 sed
275 566 375 617 tamen
397 570 495 631 orator
515 571 686 619 numeratus
709 572 761 620 est.
806 563 878 620 Erat
902 559 933 619 in
954 559 1052 620 verbis
1073 559 1200 637 gravitas

199 664 229 713 et
247 654 333 715 facile
348 655 467 715 dicebat
481 667 510 716 et
529 656 735 718 auctoritatem
754 660 919 718 naturalem
938 659 1091 735 quandam
1110 658 1200 718 babe-

199 751 250 810 bat
264 751 365 812 oratio
409 753 534 813 Acutior
548 756 586 830 Q.
602 754 709 815 Varius
723 754 812 815 rebus
826 753 1014 816 inveniendis
1028 774 1085 816 nec
1099 753 1199 814 minus
1213 775 1227 824 5

198 847 295 908 verbis
309 849 482 926 expeditus,
502 851 585 911 fortis
596 871 666 912 vcro
676 864 759 912 actor
772 863 803 913 et
813 854 975 913 vehemens
990 862 1019 912 et
1029 851 1127 912 verbis
1141 871 1199 912 nec

197 944 284 1024 inops
298 967 354 1006 nec
373 947 507 1008 abiectus
521 959 551 1008 et
565 969 655 1026 quem
674 952 763 1028 plane
777 962 925 1011 oratorem
945 948 1045 1010 dicere
1062 951 1196 1020 auderes,

198 1043 253 1104 Cn.
278 1045 463 1121 Pomponius
490 1045 631 1106 lateribus
658 1066 803 1125 pugnans,
827 1047 954 1107 incitans
978 1046 1104 1119 animos,
1129 1066 1198 1106 acer

136 1165 181 1202 222
196 1143 320 1202 acerbus
349 1143 532 1204 criminosus.
587 1146 719 1204 Multum
748 1145 787 1206 ab
814 1144 861 1204 his
888 1145 991 1205 aberat
1019 1146 1053 1204 L.
1084 1145 1196 1216 FufiuS,

195 1248 297 1298 tamen
311 1260 347 1299 ex
357 1240 546 1301 accusatione
561 1243 613 1301 M'.
624 1240 727 1318 Aquili
740 1241 911 1320 diligentiae
925 1243 1054 1302 fructum
1069 1251 1195 1318 ceperat.
1212 1263 1242 1302 ,ιο

195 1336 275 1394 Nam
297 1338 340 1395 M.
359 1340 489 1397 Drusum
512 1350 596 1397 tuum
621 1359 762 1416 magnum
785 1341 976 1411 avunculum,
994 1357 1113 1416 gravem
1134 1358 1198 1397 ora-

196 1445 290 1494 torem
312 1432 352 1494 ita
374 1437 527 1496 dumtaxat
548 1457 617 1496 cum
640 1439 679 1498 de
702 1458 732 1497 re
754 1437 876 1514 publica
897 1436 1018 1510 diceret,
1038 1438 1072 1495 L.
1094 1447 1196 1497 autem

195 1533 351 1591 Lucullum
381 1533 471 1592 etiam
502 1545 632 1606 acutum,
661 1546 836 1612 patremque
871 1546 965 1607 tuum,
995 1536 1096 1606 Brute,
1125 1532 1195 1593 iuris

193 1648 314 1706 quoque
337 1643 366 1689 et
389 1630 500 1708 publici
523 1641 552 1690 et
576 1630 681 1707 privati
705 1651 777 1691 sane
799 1629 937 1708 peritum,
960 1632 1003 1690 M.
1023 1632 1193 1703 Lucullum,

194 1727 237 1784 M.
261 1727 419 1788 Octavium
443 1729 500 1789 Cn.
523 1729 565 1801 F,
589 1727 641 1804 qui
665 1739 780 1787 tantum
805 1727 980 1790 auctoritate
1002 1727 1194 1805 dicendoque
1210 1750 1239 1799 15

191 1824 283 1883 valuit
297 1837 330 1883 ut
343 1828 438 1903 legem
456 1825 663 1901 Semproniam
676 1826 898 1886 frumentariam
913 1825 1016 1904 populi
1030 1824 1193 1903 frequentis

192 1921 335 1999 suffragiis
359 1921 551 2000 abrogaverit,
576 1924 631 1984 Cn.
653 1922 812 1984 Octavium
838 1925 881 1982 M.
906 1925 949 1996 F.,
974 1924 1017 1982 M.
1043 1908 1193 1984 Catonem

190 2030 314 2095 patrem,
331 2021 368 2095 Q.
385 2019 473 2078 etiam
489 2021 629 2080 Catulum
649 2020 743 2080 filium
762 2021 948 2081 abducamus
962 2041 999 2080 ex
1012 2019 1084 2092 acie,
1100 2019 1192 2080 idest

191 2135 209 2173 a
222 2114 347 2188 iudiciis,
364 2128 393 2176 et
407 2115 438 2175 in
452 2116 605 2193 praesidiis
620 2117 661 2178 rei
675 2117 822 2194 publicae,
837 2117 886 2177 cui
903 2116 989 2177 facile
1006 2117 1076 2177 satis
1093 2118 1191 2178 facere

130 2236 178 2285 223
190 2212 312 2288 possint,
334 2216 523 2273 collocemus.
568 2215 685 2275 Eodem
700 2216 743 2290 Q.
760 2214 945 2291 Caepionem
967 2215 1113 2288 referrem,
1133 2213 1237 2275 nisiae

191 2310 279 2371 nimis
290 2312 419 2389 equestri
433 2311 531 2372 ordini
545 2311 664 2372 deditus
678 2332 697 2371 a
710 2324 814 2372 senatu
829 2311 1009 2373 dissedisset.
1054 2312 1109 2373 Cn.
1121 2312 1191 2373 Car·

190 2409 301 2468 bonem
317 2412 360 2469 M.
379 2409 508 2469 Marium
528 2422 612 2469 etex
631 2412 737 2470 eodem
757 2431 865 2487 genere
885 2407 1046 2487 compluris
1066 2407 1190 2470 minime

189 2504 296 2582 dignos
313 2506 455 2583 elegantis
474 2518 639 2567 conventus
658 2506 778 2567 auribus
797 2506 967 2584 aptissimos
985 2505 1113 2581 cognovi
1133 2517 1191 2565 tur·

188 2604 318 2664 bulentis
337 2603 536 2669 contionibus.
581 2605 651 2679 Quo
671 2604 701 2663 in
717 2625 832 2682 genere,
849 2616 883 2664 ut
901 2603 932 2663 in
951 2602 997 2663 his
1016 2602 1188 2679 perturbem

187 2712 318 2762 aetatum
346 2702 490 2774 ordinem,
516 2703 668 2779 nuperL.
693 2701 852 2778 Quinctius
876 2700 949 2775 fuit3
977 2698 1074 2778 aptior
1096 2699 1188 2759 etiam
1202 2721 1232 2770 ²5

127 2816 175 2865 224
188 2798 345 2859 Palicanus
359 2799 479 2859 auribus
493 2798 705 2875 imperitorum.
750 2798 945 2876 thuoniam
965 2797 1053 2857 huius
1072 2796 1188 2874 generis

188 2896 266 2956 facta
288 2897 401 2957 mentio
426 2907 479 2970 est,
506 2895 715 2957 seditiosorum
736 2895 872 2973 omnium
893 2906 961 2974 post
978 2895 1131 2954 Gracchos
1151 2896 1185 2953 L.

187 2993 353 3070 Appuleius
388 2993 563 3054 Saturninus
598 2993 858 3071 eloquentissimus
886 2992 966 3052 visus
994 3003 1039 3053 est
1050 3012 1059 3064 ;
1093 2991 1187 3068 magis

187 3090 286 3168 specie
301 3103 401 3153 tamen
416 3104 446 3151 et
464 3103 548 3150 motu
567 3102 658 3167 atque
679 3090 745 3168 ipso
762 3090 872 3150 amictu
892 3088 1029 3167 capiebat
1048 3088 1186 3148 homines

185 3208 275 3265 quam
291 3200 342 3248 aut
356 3188 476 3249 dicendi
488 3187 575 3267 copia
584 3199 636 3247 aut
646 3187 851 3248 mediocritate
864 3185 1047 3266 prudentiae.
1081 3187 1186 3263 Longe
1199 3205 1231 3255 30

221 3344 300 3393 rsuit
316 3346 366 3393 secl.
385 3343 469 3393 Vassis
550 3359 566 3390 a
583 3343 786 3404 filius.1sJahn
879 3359 910 3392 10
926 3339 1066 3392 tamenL:
1082 3341 1184 3390 tametsi

185 3408 314 3458 Eberhard
450 3408 519 3471 cepit
537 3409 629 3456 maluit
637 3407 730 3471 Stangl
852 3410 882 3456 18
899 3409 924 3456 id
936 3417 976 3458 est
987 3425 1003 3458 a
1014 3405 1114 3456 iudiciis
1130 3409 1183 3455 secl.

185 3473 329 3602 afargagga}
417 3490 449 3534 24
467 3474 630 3524 contionibus
646 3474 733 3538 vulga:
749 3474 937 3535 cognitionibus
952 3472 975 3520 L
1059 3485 1090 3532 25
1107 3472 1184 3522 etiarn
