2588 4178
121 197 166 271 65
183 222 230 274 ²3³
450 199 493 257 M.
523 197 652 257 TVLLI
682 196 914 259 CICERONIS

180 365 292 428 deinde
314 366 470 426 redeamus
492 366 532 427 ad
556 375 586 426 te
610 376 641 426 et
664 365 704 426 ad
728 363 935 438 Hortensium.
979 365 1081 425 Immo
1100 379 1180 431 vero,

181 466 313 542 inquam,
329 466 368 525 ad
391 463 588 525 Hortensium
598 484 607 538 ;
627 464 667 524 de
688 483 738 524 me
758 462 808 525 alii
829 461 939 536 dicent,
954 460 980 522 si
999 460 1051 539 qui
1069 462 1180 522 volent.

181 562 310 623 Minime
330 582 409 636 vero,
425 560 529 639 inquit.
555 563 654 621 'Nam
677 561 733 622 etsi
757 581 806 622 me
830 559 916 622 facile
941 559 1024 621 omni
1049 569 1102 618 tuo
1125 576 1184 618 ser·

181 679 271 720 mone
285 659 415 734 tenuisti,
432 672 532 723 tamen
550 659 575 720 is
590 659 664 720 mihi
683 659 799 738 longior
812 659 937 732 videtur,
953 659 1036 736 quod
1052 676 1181 736 propero

180 757 283 818 audire
300 759 338 818 de
353 768 402 833 te3
422 778 479 836 nec
493 778 563 819 vero
578 769 640 818 tam
654 759 693 819 de
710 755 1005 818 virtutibusdicendi
1019 754 1087 828 tuis,
1103 773 1181 832 quae
1196 768 1210 817 5

132 916 133 919 ,
179 875 249 915 curn
264 855 404 916 omnibus
424 867 488 916 tum
507 867 587 917 certe
608 853 875 922 mihignotissimae
892 864 975 928 sunt,
986 873 1078 931 quam
1097 854 1181 930 quod

179 955 287 1029 gradus
302 964 369 1013 tuos
383 964 414 1015 et
432 953 525 1030 quasi¹
538 958 695 1032 processus
716 951 839 1013 dicendi
859 952 967 1012 studeo
988 970 1178 1028 cognoscere.

116 1064 164 1115 ²33
180 1052 313 1122 Geretur,
343 1050 474 1128 inquam,
508 1050 563 1111 tibi
596 1071 670 1124 mos,
710 1049 855 1128 quoniam
892 1069 941 1110 me
978 1069 1042 1110 non
1079 1047 1181 1127 ingeni

179 1147 414 1225 praedicatorem
442 1169 507 1209 esse
534 1149 578 1209 vis
606 1151 660 1208 sed
687 1147 798 1209 laboris
830 1146 897 1208 mei.
948 1149 1062 1209 Verum
1092 1145 1181 1207 inter·

180 1265 300 1323 ponam,
321 1257 354 1306 ut
374 1247 489 1323 placet
501 1247 576 1307 alios
600 1257 630 1308 et
650 1266 669 1306 a
690 1249 734 1306 M.
758 1247 875 1319 Crasso
897 1244 949 1323 qui
970 1245 1026 1305 luit
1045 1243 1180 1322 aequalis
1197 1260 1227 1298 ιο

156 1342 158 1346 ”
182 1342 334 1416 Hortensi,
350 1343 493 1404 exordiar.
938 1416 939 1420 ἵ
1115 1399 1117 1403 Α
1141 1419 1144 1424 ¹

118 1438 164 1498 66
221 1440 252 1500 Is
285 1439 372 1518 igitur
402 1440 591 1511 mediocriter
618 1460 637 1501 a
663 1439 801 1501 doctrina
827 1439 998 1512 instructus,
1025 1437 1180 1516 angustius

179 1536 268 1597 etiam
287 1557 306 1597 a
326 1549 437 1610 natura,
458 1538 560 1608 labore
581 1549 612 1600 et
631 1537 777 1599 industria
798 1548 828 1597 et
849 1537 933 1615 quod
953 1533 1119 1597 adhibebat
1140 1537 1180 1597 ad

178 1634 358 1696 obtinendas
377 1655 481 1696 causas
494 1656 604 1703 curam
625 1635 716 1696 etiam
738 1646 776 1696 et
793 1634 925 1713 gratiam,
941 1633 982 1709 in
994 1632 1179 1712 principibus

150 1730 151 1733 ’
178 1731 310 1809 patronis
339 1731 454 1810 aliquot
486 1752 582 1794 annos
614 1732 678 1793 fuit.
736 1733 774 1792 In
801 1731 890 1794 huius
918 1729 1052 1792 oratione
1080 1749 1180 1792 sermo
1195 1752 1224 1804 ¹5

178 1829 303 1889 Latinus
322 1841 391 1903 erat,
408 1831 498 1890 verba
513 1850 576 1891 non
597 1829 723 1903 abiecta,
738 1849 784 1889 res
805 1829 991 1908 compositae
1011 1827 1177 1906 diligenter,

179 1929 278 1988 nullus
297 1929 351 1987 flos
373 1939 474 1989 tamen
495 1948 595 2004 neque
615 1929 718 1988 lumen
738 1927 841 2001 ullum,
857 1925 951 1987 animi
965 1945 1081 2004 magna,
1096 1924 1180 1986 vocis

178 2044 268 2101 parva
288 2024 450 2098 contenti0,
472 2025 655 2108 omniafere
678 2035 710 2085 ut
724 2023 866 2087 similiter
889 2035 980 2102 atque
1001 2042 1063 2083 uno
1084 2024 1178 2084 modo

178 2122 353 2183 dicerentur.
398 2125 478 2184 Nam
501 2122 589 2183 huius
613 2122 746 2200 aequalis
771 2133 801 2184 et
822 2121 962 2183 inimicus
984 2122 1019 2184 C.
1046 2119 1188 2182 Fimbria-

177 2240 240 2280 non
254 2219 295 2280 ita
308 2221 361 2281 diu
375 2220 483 2281 iactare
498 2241 529 2280 se
543 2219 659 2297 potuit3
679 2219 731 2298 qui
745 2219 849 2280 omnia
862 2239 971 2298 magna
983 2226 1058 2280 voce
1073 2218 1178 2280 dicens
1193 2239 1225 2275 20

177 2317 335 2377 verborum
350 2338 422 2378 sane
437 2318 583 2378 bonorum
600 2319 836 2395 cursuquodam
856 2316 980 2378 incitato
1001 2316 1042 2376 ita
1060 2317 1179 2377 furebat

177 2423 286 2489 tamen,
309 2426 342 2475 ut
364 2415 501 2476 mirarere
522 2427 582 2476 tam
607 2414 680 2476 alias
701 2435 747 2477 res
765 2429 852 2493 agere
876 2416 1030 2493 populum,
1046 2425 1079 2474 ut
1100 2425 1179 2475 esset

114 2521 164 2574 ²34
177 2511 283 2573 insano
311 2513 387 2574 inter
415 2513 541 2574 disertos
565 2516 657 2573 locos.
710 2514 766 2574 Cn.
790 2523 892 2573 autem
915 2513 1061 2574 Lentulus
1082 2515 1179 2572 multo

89 2635 91 2640 ·
177 2610 320 2671 maiorem
340 2610 513 2688 opinionem
529 2609 651 2671 dicendi
671 2610 790 2670 actione
808 2609 937 2670 faciebat
953 2629 1044 2687 quam
1066 2619 1186 2687 quanta

178 2708 208 2767 in
222 2727 259 2768 eo
270 2711 394 2768 facultas
409 2720 489 2784 erat,
511 2708 643 2785 quicum
655 2719 733 2769 esset
747 2726 803 2769 nec
815 2718 983 2785 peracutus,
994 2726 1178 2784 quamquam
1194 2727 1225 2779 2⁵

177 2815 257 2866 etex
275 2805 350 2865 facie
369 2816 399 2865 et
418 2826 455 2865 ex
471 2807 554 2865 vultu
572 2804 736 2878 videbatur,
752 2824 809 2866 nec
828 2805 986 2865 abundans
1001 2802 1107 2877 verbis,
1123 2804 1179 2866 etsi

176 2901 297 2961 fallebat
321 2901 352 2960 in
381 2921 418 2962 eo
443 2901 526 2981 ipso:
548 2901 591 2962 sic
612 2901 781 2975 intervallis,
805 2900 1079 2974 exclamationibus,
1104 2920 1180 2962 voce

177 2996 260 3057 suavi
273 3008 303 3058 et
317 3018 434 3072 canora,
451 2999 684 3061 †admirando†
703 2997 860 3073 inridebat,
876 2998 992 3059 calebat
1005 2997 1037 3057 in
1050 2999 1179 3075 agendo,

177 3106 210 3155 ut
224 3115 260 3156 ea
270 3116 347 3173 quae
362 3099 486 3158 deerant
500 3117 562 3157 non
573 3096 819 3157 desiderarentur.
854 3099 912 3170 Ita,
922 3107 1075 3173 tamquam
1087 3091 1187 3157 Curio

177 3192 264 3271 copia
282 3214 344 3254 non
359 3187 441 3264 nulla
454 3193 620 3268 verborum,
637 3195 720 3253 nullo
734 3191 793 3254 alio
807 3193 901 3268 bono,
913 3192 1009 3253 tenuit
1028 3203 1178 3253 oratorum
1187 3213 1226 3263 ‘30

210 3348 242 3394 28
259 3348 410 3396 admirando
418 3349 546 3396 inridebat
554 3349 652 3398 calebat
665 3349 686 3397 L
698 3350 866 3398 :admirando
874 3366 919 3398 ore
928 3348 1050 3398 Fn‘edrich
1061 3368 1067 3400 :
1079 3351 1180 3399 irretie-

178 3413 220 3460 bat
241 3411 352 3463 Schrtta:
382 3414 547 3462 admirandus
571 3415 707 3462 incedebat
731 3414 862 3479 [cedebat]
881 3415 1001 3463 Martha:
1027 3416 1180 3465 admirando

174 3478 311 3527 irridendo
336 3478 432 3528 latebat
455 3478 616 3528 Lambinus:
643 3480 676 3530 ad
700 3480 843 3528 mirandum
867 3480 997 3530 illicitabat
1019 3482 1054 3529 ita
1081 3481 1180 3532 calebat

179 3542 294 3607 Madvig,
307 3544 353 3592 alri'
361 3545 413 3593 alab
