2588 4178
568 194 733 255 BRVTVS
1107 191 1150 266 48
1167 200 1213 269 ¹7⁸

148 358 286 418 Prudens
306 357 396 420 etiam
417 360 453 418 Τ.
469 359 587 436 Annius
600 360 709 422 Velina
729 372 759 422 et
780 360 811 422 in
831 360 896 423 eius
915 358 1031 439 generis
1052 358 1150 422 causis

146 465 248 517 orator
261 475 333 517 sane
347 456 516 519 tolerabilis.
559 459 596 520 In
608 459 716 521 eodem
730 479 838 539 genere
851 478 1006 520 causarum
1022 460 1150 520 multum

146 563 211 614 erat
232 554 268 614 Τ.
289 553 444 615 Iuventius
468 553 556 617 nimis
578 555 628 618 ille
649 556 772 635 quidem
795 560 893 618 lentus
914 555 946 616 in
968 554 1099 618 dicendo
1119 567 1150 618 et

147 669 245 729 paene
269 650 399 730 frigidus,
423 653 476 714 sed
500 664 531 715 et
552 653 677 716 callidus
701 667 732 716 et
755 653 786 714 in
811 653 959 733 capiendo
981 652 1149 716 adversario

116 775 131 824 5
146 759 283 810 versutus
297 760 327 811 et
340 761 491 828 praeterea
504 770 560 812 nec
573 751 713 814 indoctus
724 764 754 815 et
767 772 875 831 magna
888 772 958 813 cum
972 751 1042 812 iuris
1057 750 1150 813 civilis

146 845 358 926 intellegentia.
400 847 494 910 Cuius
514 849 632 912 auditor
649 853 682 912 P.
698 850 809 913 Orbius
830 869 915 912 meus
936 852 996 912 sere
1016 849 1149 929 aequalis
1165 866 1212 922 ¹79

147 943 326 1006 indicendo
344 965 406 1007 non
425 945 514 1006 nimis
532 947 717 1022 exercitatus,
733 947 763 1008 in
784 948 847 1009 iure
866 959 968 1009 autem
989 946 1068 1007 civili
1086 967 1149 1009 non

147 1040 269 1104 inferior
283 1062 374 1121 quam
389 1043 527 1121 magister
542 1044 605 1106 suit
649 1047 728 1106 Nam
744 1047 779 1105 T.
795 1044 942 1120 Aufidius,
959 1045 1011 1123 qui
1025 1044 1097 1104 vixit
1109 1045 1149 1106 ad

147 1159 298 1201 summam
312 1153 506 1216 senectutem,
521 1143 642 1205 volebat
660 1163 725 1205 esse
743 1143 847 1204 similis
861 1145 968 1205 horum
983 1154 1105 1220 eratque
1120 1153 1150 1205 et

102 1261 135 1298 ιο
148 1238 248 1298 bonus
269 1239 313 1299 vir
332 1250 362 1300 et
383 1238 537 1315 innocens,
552 1243 607 1303 sed
627 1241 748 1303 dicebat
768 1261 872 1320 parum
882 1263 891 1316 3
912 1261 968 1302 nec
989 1261 1062 1302 sane
1082 1242 1149 1318 plus

147 1337 237 1398 frater
256 1335 320 1398 eius
342 1339 386 1398 M.
402 1337 558 1416 Vergilius,
578 1338 631 1416 qui
651 1338 788 1400 tribunus
808 1338 905 1417 plebis
926 1342 960 1399 L.
977 1340 1076 1401 Sullae
1097 1337 1149 1398 im-

146 1433 276 1511 peratori
299 1434 381 1497 diem
403 1435 486 1497 dixit.
529 1436 602 1498 Eius
625 1439 750 1514 conlega
772 1439 803 1496 P.
824 1436 942 1514 Magius
964 1436 995 1496 in
1017 1435 1149 1498 dicendo

146 1533 238 1609 paulo
257 1543 357 1593 tamen
375 1533 532 1612 copiosior.
575 1536 635 1596 Sed
654 1535 790 1596 omnium
809 1546 959 1596 oratorum
981 1533 1043 1596 sive
1064 1535 1213 1594 tabu-180

146 1630 253 1704 larum,
267 1630 325 1708 'qui
347 1642 377 1692 et
398 1634 487 1709 plane
511 1632 625 1695 indocti
646 1644 677 1694 et
697 1631 835 1693 inurbani
859 1644 911 1693 aut
935 1631 1036 1693 rustici
1058 1631 1148 1695 etiam

102 1754 131 1806 ¹⁵
146 1729 276 1803 suerunt,
304 1748 380 1807 quos
408 1730 530 1808 quidem
563 1751 620 1810 ego
647 1730 846 1809 cognoverim,
876 1729 1089 1791 solutissimum
1117 1729 1149 1790 in

145 1825 278 1887 dicendo
291 1838 322 1887 et
337 1827 542 1889 acutissimum
560 1828 662 1890 iudico
683 1828 775 1889 nostri
794 1827 907 1890 ordinis
922 1829 960 1904 Q.
975 1827 1147 1901 Sertorium,

146 1924 291 2002 equestris
306 1926 341 1988 C.
358 1926 550 2005 Gargonium.
595 1928 664 1988 Fuit
680 1926 770 1988 etiam
787 1925 881 1988 facilis
894 1937 925 1987 et
939 1925 1095 2004 expeditus
1109 1927 1149 1986 ad

145 2021 310 2084 dicendum
328 2035 359 2085 et
372 2023 450 2086 vitae
468 2026 627 2102 splendore
648 2027 744 2086 multo
762 2034 793 2085 et
810 2022 931 2102 ingenio
952 2043 1024 2085 sane
1044 2024 1150 2102 proba-

146 2119 201 2180 bili
221 2122 258 2180 T.
274 2121 379 2181 Iunius
401 2123 434 2181 L.
452 2124 484 2182 F.
507 2121 691 2196 tribunicius,
712 2141 774 2200 quo
794 2131 954 2182 accusante
975 2123 1008 2180 P.
1031 2119 1148 2182 Sextius

101 2240 133 2280 ro
146 2228 265 2295 praetor
286 2217 457 2297 designatus
479 2220 638 2279 damnatus
662 2229 708 2281 est
729 2218 860 2282 ambitus
871 2239 880 2293 ;
910 2217 935 2278 is
957 2218 1150 2296 processisset

146 2314 312 2376 honoribus
336 2316 462 2394 longius,
483 2315 540 2377 nisi
565 2335 682 2394 semper
702 2315 820 2376 infirma
839 2327 930 2393 atque
951 2315 1040 2376 etiam
1062 2336 1149 2394 aegra

144 2411 316 2474 valetudine
334 2411 446 2475 suisset.

186 2513 287 2587 Atque
301 2530 358 2589 ego
371 2512 520 2588 praeclare
539 2510 679 2588 intellego
693 2530 742 2571 me
761 2509 792 2570 in
811 2530 915 2571 eorum
935 2529 1149 2571 commemora-

145 2605 227 2669 tione
241 2607 349 2668 versari
363 2607 415 2686 qui
430 2628 486 2669 uec
500 2607 594 2669 habiti
609 2607 667 2668 sint
681 2619 812 2670 oratores
826 2627 924 2685 neque
939 2608 1056 2681 luerint,
1068 2627 1151 2686 prae·

98 2730 129 2782 2⁵
145 2701 285 2783 teririque
306 2725 325 2765 a
348 2725 396 2766 me
410 2705 533 2784 'aliquot
554 2725 592 2766 ex
613 2705 762 2766 veteribus
786 2704 1073 2766 commemoratione
1097 2716 1149 2765 aut

144 2803 233 2863 laude
247 2802 363 2881 dignos.
406 2805 467 2865 Sed
481 2805 540 2864 hoc
555 2801 678 2881 quidem
696 2802 899 2880 ignoratione;
920 2801 993 2879 quid
1008 2802 1088 2862 enim
1104 2813 1149 2862 est

144 2899 303 2981 superioris
317 2900 422 2961 aetatis
435 2902 518 2979 quod
533 2899 622 2961 scribi
638 2898 733 2978 possit
751 2901 791 2962 de
809 2899 861 2972 eis,
877 2901 917 2960 de
936 2898 1045 2976 quibus
1066 2901 1145 2959 nulla

144 3010 341 3059 monumenta
362 3001 524 3076 loquuntur
543 3013 602 3060 'nec
623 2997 749 3058 aliorum
774 3017 830 3058 nec
855 2996 1012 3075 ipsorum?
1040 2999 1079 3058 de
1100 2997 1147 3057 his

144 3107 253 3170 autern,
276 3116 352 3174 quos
376 3096 432 3174 ipsi
456 3095 594 3169 vidimus,
616 3094 768 3156 neminem
793 3097 854 3156 fere
878 3094 1146 3173 praetermittemus

1161 2477 1206 2536 49

1164 2557 1209 2606 181

177 3268 193 3301 a
210 3251 315 3300 multum
326 3251 368 3301 Lz
384 3251 479 3300 multus
495 3250 564 3316 vulg.
577 3269 583 3300 :
606 3250 744 3300 multarum
759 3250 831 3311 Jahn
947 3263 962 3310 5
981 3264 1072 3311 magna
1089 3263 1146 3297 curn

144 3317 183 3367 L:
201 3332 294 3378 magna
311 3324 495 3369 cum...tum
511 3315 641 3366 Eberhard
772 3330 799 3365 11
818 3315 980 3376 VirgiliusF
1058 3313 1146 3363 Sullae

144 3382 196 3432 F¹:
216 3380 337 3444 SyllaeL
440 3398 470 3444 14
487 3389 514 3431 et
526 3382 643 3431 inurbani
655 3380 722 3431 codd.
737 3381 798 3431 det:
816 3386 860 3430 aut
872 3379 990 3429 inurbani
1006 3377 1030 3426 1.
1114 3393 1145 3438 24

143 3449 252 3498 sint...
266 3447 362 3498 luerint
380 3448 416 3497 C:
432 3453 492 3496 sunt
508 3483 515 3497 .
533 3483 540 3497 .
561 3484 567 3496 .
588 3448 690 3495 luerunt
701 3444 733 3494 H
830 3461 861 3507 27
878 3445 939 3493 sciri
957 3446 1036 3507 possit
1055 3444 1147 3494 maluit

143 3511 274 3562 Eberhard
370 3529 402 3576 29
418 3514 655 3575 praetermittemus
665 3511 749 3562 Bake:
767 3508 1030 3574 praetermittimusl.

1048 3593 1079 3641 4*
