2588 4178
540 196 704 256 BRVTVS
1079 195 1121 269 36
1137 201 1185 266 13⁶

120 375 311 438 vocaverunt,
324 381 380 442 pro
395 363 450 425 reis
464 384 527 424 non
546 382 635 442 saepe
652 363 797 425 dixerunt
841 365 890 442 Sp.
907 362 1037 424 Thorius
1051 363 1122 424 satis

120 461 213 522 valuit
233 460 265 521 in
286 461 422 540 populari
441 482 549 540 genero
569 463 698 537 dicendi,
722 461 818 540 isqui
839 482 942 541 agrum
966 462 1121 540 publicum

120 559 228 620 vitiosa
255 570 285 620 et
319 559 417 619 inutili
451 561 516 638 lege
543 559 679 638 vectigali
706 561 822 621 levavit
886 563 930 622 M.
960 563 1121 622 Marcellus

120 657 280 718 Aesernini
307 669 391 736 pater
414 678 476 718 non
504 657 554 719 ille
581 657 704 736 quidem
733 657 764 718 in
791 657 931 737 patronis,
958 659 1012 719 sed
1036 669 1066 718 et
1090 658 1121 718 in

93 755 268 834 spromptis
289 766 390 815 tamen
411 767 441 816 et
462 775 524 816 non
546 755 742 816 inexercitatis
766 757 805 817 ad
826 755 988 817 dicendum
1010 757 1073 830 fuit,
1088 768 1122 816 ut

121 853 201 914 filius
215 852 279 913 eius
291 856 323 912 P.
337 855 490 914 Lentulus.
534 854 567 912 L
580 852 670 913 etiam
683 853 773 915 Cotta
787 852 950 930 praetorius
964 852 995 912 in
1011 852 1121 914 medio
1139 867 1183 922 ¹37

121 950 217 1010 crium
245 962 405 1010 oratorum.
421 970 555 1025 numero,
579 948 700 1010 dicendi
728 968 791 1009 non
813 948 854 1009 ita
881 951 1009 1010 multum
1033 951 1122 1010 laude

121 1060 315 1124 processerat,
341 1050 395 1109 sed
417 1050 456 1109 de
480 1047 625 1109 industria
647 1067 716 1108 cum
741 1047 838 1108 verbis
860 1059 925 1107 tum
945 1047 1035 1108 etiam
1056 1047 1122 1125 ipso

122 1166 200 1207 sono
213 1146 299 1224 quasi
312 1146 480 1207 subrustico
501 1146 733 1225 persequebatur
754 1157 844 1222 atque
864 1144 1034 1205 imitabatur
1051 1145 1124 1205 anti·

77 1269 108 1307 ιο
122 1243 276 1322 quitatem.

165 1345 266 1420 Atque
284 1362 341 1420 ego
365 1353 395 1402 et
417 1341 448 1402 in
470 1344 530 1402 hoc
548 1342 615 1420 ipso
634 1342 725 1403 Cotta
745 1352 775 1400 et
796 1340 827 1400 in
848 1340 912 1401 aliis
933 1339 1066 1419 pluribus
1081 1339 1123 1405 in-

123 1442 232 1519 tellego
246 1461 295 1501 me
309 1461 371 1501 non
386 1441 426 1501 ita
435 1440 560 1501 disertos
572 1439 709 1501 homines
723 1450 753 1500 et
767 1438 914 1500 rettulisse
927 1438 958 1498 in
973 1450 1122 1500 oratorum

123 1557 282 1597 numerum
311 1548 341 1597 et
365 1539 533 1597 relaturum.
581 1540 635 1596 Est
659 1535 740 1597 enim
764 1535 950 1614 propositum
975 1535 1124 1613 conligere
1164 1537 1167 1543 ’

65 1713 67 1716 ⁴
124 1655 177 1696 eos
207 1633 260 1712 qui
287 1637 346 1695 hoc
374 1655 498 1695 munere
522 1634 553 1694 in
577 1634 696 1695 civitate
723 1633 818 1694 suncti
842 1633 909 1707 sint,
933 1646 966 1706 ut
985 1645 1123 1698 tenerent

79 1765 109 1817 ¹5
124 1745 275 1793 oratorum
296 1736 396 1793 locum
407 1753 415 1807 ;
436 1752 564 1810 quorum
585 1731 707 1809 quidem
728 1752 805 1810 quae
829 1732 916 1793 fuerit
936 1730 1072 1792 ascensio
1093 1743 1123 1792 et

125 1851 216 1910 quarn
238 1831 269 1890 in
297 1829 437 1892 omnibus
465 1830 553 1891 rebus
582 1829 709 1890 difficilis
737 1829 843 1908 optimi
867 1820 1010 1909 perfectio
1033 1840 1124 1906 atque

124 1929 274 1990 absolutio
288 1948 376 1989 exeo
390 1929 473 2006 quod
488 1928 587 1989 dicam
603 1926 761 1988 existimari
776 1922 882 2005 potest.
926 1930 1026 2003 Quam
1038 1925 1123 1986 multi
1139 1941 1185 2002 ¹³8

125 2027 206 2088 enim
234 2027 293 2086 iam
321 2036 453 2086 oratores
479 2025 706 2086 commemorati
733 2036 803 2084 sunt
836 2037 865 2085 et
892 2045 984 2102 quam
1012 2024 1064 2084 diu
1092 2023 1123 2083 in

126 2146 230 2187 eorum
257 2122 482 2185 enumeratione
510 2143 669 2196 versamur,
693 2143 762 2183 cum
787 2134 887 2183 tamen
916 2122 1010 2201 spisse
1034 2133 1124 2198 atque

78 2255 114 2292 ,ο
126 2222 182 2297 vix,
198 2234 231 2283 ut
249 2223 367 2283 dudum
391 2222 430 2281 ad
453 2223 688 2282 Demosthenem
711 2231 741 2280 et
761 2219 956 2298 Hyperidem,
980 2218 1023 2280 sic
1044 2239 1125 2280 nunc

126 2323 166 2383 ad
194 2319 360 2381 Antonium
390 2320 591 2396 Crassumque
622 2317 828 2397 pervenimusl
891 2319 970 2379 Nam
998 2336 1054 2394 ego
1082 2316 1125 2376 sic

126 2418 271 2490 existimo,
294 2419 361 2478 ⁴hos
396 2429 527 2478 oratores
561 2416 652 2476 fuisse
681 2415 825 2476 maximos
859 2426 890 2476 et
923 2414 955 2474 in
989 2413 1036 2474 his
1070 2412 1126 2492 pri-

127 2536 210 2576 mum
245 2535 315 2576 cum
351 2516 534 2575 Graecorum
572 2513 665 2592 gloria
704 2512 810 2574 Latine
849 2511 972 2573 dicendi
1005 2511 1125 2589 copiam

126 2624 293 2692 aequatam.

81 2728 113 2778 25
169 2710 281 2773 Omnia
301 2709 461 2770 veniebant
474 2708 609 2769 Antonio
630 2708 661 2768 in
682 2719 813 2768 mentem
824 2729 833 2782 3
853 2727 948 2784 eaque
969 2726 1024 2768 suo
1039 2726 1127 2784 quae·
1139 2675 1176 2804 {3⁷

105 2829 187 2888 ⁴que
207 2811 284 2880 loco,
299 2806 351 2868 ubi
373 2806 534 2885 plurimum
553 2809 697 2885 proficere
718 2817 747 2866 et
768 2809 864 2867 valere
882 2816 1013 2883 possent,
1033 2816 1066 2865 ut
1086 2805 1126 2864 ab

125 2908 303 2985 imperatore
330 2904 445 2983 equites
474 2905 589 2982 pedites
618 2904 689 2964 levis
711 2916 865 2977 armatura,
892 2903 934 2964 sic
958 2905 997 2965 ab
1021 2904 1073 2965 illo
1094 2903 1126 2962 in

72 3055 74 3058 Α
126 3004 255 3066 maxime
269 3002 444 3081 opportunis
460 2989 601 3063 orationis
616 3002 749 3079 partibus
768 3003 1009 3062 conlocabantur.
1055 3005 1126 3062 Erat

69 3150 71 3153 -
127 3101 272 3164 memoria
296 3121 421 3174 summa,
447 3103 530 3160 nulla
554 3099 756 3160 meditationis
785 3098 933 3177 suspici0;
964 3099 1125 3177 imparatus

82 3221 114 3269 30
127 3219 246 3277 semper
263 3197 383 3276 aggredi
397 3198 436 3257 ad
451 3197 614 3258 dicendum
629 3196 793 3269 videbatur,
809 3197 863 3256 sed
877 3196 918 3255 ita
932 3206 994 3256 erat
1008 3206 1127 3273 paratus

127 3309 161 3358 ut
174 3296 288 3358 iudices
308 3296 360 3357 illo
380 3294 500 3357 dicente
520 3314 583 3355 non
601 3314 767 3372 numquam
782 3293 952 3355 viderentur
972 3314 1034 3354 non
1055 3291 1127 3353 satis

160 3468 176 3514 3
192 3437 312 3514 vectigali
323 3449 374 3502 cod.
387 3450 447 3501 det:
464 3449 622 3512 vectigaleL
697 3466 712 3510 4
729 3449 776 3497 sed
789 3447 840 3513 [et]
853 3447 948 3512 Stangl
1018 3463 1034 3508 5
1051 3462 1126 3496 exet·-

126 3517 309 3648 qiqqtp'Z'BHM
356 3516 413 3579 ‘319
430 3532 488 3566 cum
500 3524 587 3565 tamen
598 3514 637 3564 L:
656 3530 731 3577 quam
744 3523 830 3564 tamen
845 3513 930 3563 Bake:
948 3529 1005 3564 cum
1022 3514 1126 3562 tandem
