2588 4178
554 197 719 258 BRVTVS
1097 198 1137 256 28
1153 207 1200 256 108

133 361 300 423 mediocres
315 375 464 438 oratores;
486 364 540 424 etsi
557 365 654 426 Flacci
670 367 778 444 scripta
797 379 874 438 sunt,
890 368 944 427 sed
963 378 996 427 ut
1010 366 1136 429 studiosi

134 459 303 520 litterarum.
335 461 432 520 Flacci
447 475 547 522 autem
562 467 697 523 aemulus
712 467 743 523 P.
757 464 868 524 Decius
882 464 946 537 tuit,
962 484 1023 524 non
1038 465 1135 524 infans

133 556 183 616 ille
208 557 339 633 quidem,
369 559 422 617 sed
451 570 483 616 ut
511 559 571 618 vita
598 559 640 619 sic
667 559 802 620 oratione
824 560 913 621 etiam
937 561 1133 621 turbulentus.

129 656 177 726 M.
195 657 310 715 Drusus
332 658 366 718 C.
384 658 425 728 F,
442 656 493 733 qui
513 656 544 715 in
563 656 714 717 tribunatu
736 659 771 719 C.
788 659 957 718 Gracchum
979 659 1133 735 conlegam
1149 677 1196 730 109

102 767 117 815 5
132 752 238 812 iterum
255 753 406 813 tribunum
426 755 519 832 fregit,
536 755 579 813 vir
597 767 627 815 et
641 756 775 815 oratione
788 754 883 832 gravis
898 766 928 815 et
947 755 1131 829 auctoritate,

131 850 220 927 eique
234 851 367 927 proxime
381 852 539 912 adiunctus
555 854 589 914 C.
607 854 723 912 Drusus
736 855 824 912 trater
837 853 900 913 suit.
944 854 1028 913 Tuus
1043 853 1132 913 etiam

130 947 256 1024 gentilis,
292 952 391 1022 Brute,
423 952 465 1008 M.
496 952 616 1009 Pennus
648 952 743 1010 facete
773 949 894 1028 agitavit
922 949 952 1008 in
981 949 1132 1010 tribunatu

131 1046 166 1105 C.
180 1047 359 1117 Gracchum,
372 1049 493 1124 paulum
505 1059 601 1107 aetate
615 1049 804 1108 antecedens.
842 1047 910 1107 Fuit
925 1047 1006 1107 enim
1022 1049 1064 1107 M.
1078 1049 1132 1107 Le·

131 1140 203 1218 pido
225 1154 254 1201 et
276 1144 309 1202 L.
327 1143 433 1204 Oreste
454 1144 627 1204 consulibus
649 1157 789 1221 quaestor
810 1146 971 1218 Gracchus,
996 1144 1131 1204 tribunus

85 1252 116 1286 ¹0
132 1242 261 1312 Pennus,
277 1240 355 1300 illius
377 1241 473 1300 Marci
495 1241 580 1313 lilius,
603 1241 655 1319 qui
676 1262 746 1302 cum
769 1244 805 1319 Q.
823 1241 910 1302 Aelio
931 1243 1037 1303 consul
1058 1241 1131 1316 suit;

129 1337 183 1395 scd
199 1337 223 1395 is
238 1337 340 1396 omnia
359 1357 476 1397 summa
490 1358 611 1414 sperans
630 1338 784 1399 aedilicius
799 1350 844 1398 est
863 1350 1006 1399 mortuus
1051 1341 1129 1398 Nam

129 1434 169 1491 de
190 1436 225 1492 T.
243 1433 420 1507 Flaminino,
441 1454 530 1512 quem
549 1434 612 1513 ipse
633 1435 702 1508 vidi,
725 1435 799 1495 nihil
821 1435 924 1514 accepi
945 1435 1001 1495 nisi
1024 1438 1130 1497 Latine

128 1529 286 1607 diligenter
298 1533 441 1591 locutum.

173 1628 231 1687 His
258 1628 392 1688 adiuncti
419 1641 489 1688 sunt
517 1631 551 1692 C.
582 1630 674 1692 Curio
706 1633 749 1690 M.
779 1633 906 1691 Scaurus
935 1634 967 1691 P.
998 1631 1128 1692 Rutilius
1141 1597 1190 1722 ΤΞ)

85 1740 115 1788 ¹5
131 1726 165 1786 C.
183 1728 344 1786 Gracchus.
389 1729 436 1787 De
464 1729 575 1788 Scauro
597 1740 626 1788 et
649 1728 763 1789 Rutilio
784 1729 910 1789 breviter
930 1728 998 1789 licet
1019 1729 1127 1802 dicere,

129 1843 257 1900 quorum
280 1836 384 1884 neuter
404 1826 513 1884 summi
532 1827 656 1886 oratoris
676 1826 781 1886 habuit
802 1828 930 1900 laudern,
946 1839 975 1886 et
992 1837 1035 1886 est
1053 1839 1128 1888 uter-

129 1941 188 1997 que
203 1921 233 1979 in
249 1921 349 1980 multis
363 1922 459 1981 causis
473 1935 613 1983 versatus.
650 1926 721 1983 Erat
736 1923 767 1982 in
778 1923 957 2000 quibusdam
970 1925 1127 1986 laudandis

127 2017 204 2090 viris,
220 2018 310 2078 etiam
332 2018 356 2078 si
378 2019 498 2078 maximi
518 2020 618 2098 ingeni
639 2041 701 2080 non
722 2033 829 2093 essent,
845 2022 1007 2098 probabilis
1026 2034 1126 2082 tamen

128 2113 289 2189 industria,
317 2136 500 2194 quamquam
521 2117 568 2177 his
589 2117 711 2195 quidem
733 2138 794 2178 non
816 2118 941 2179 omnino
963 2118 1123 2196 ingenium,

82 2234 114 2269 20
128 2215 181 2272 sed
195 2213 355 2274 oratorium
377 2214 528 2293 ingenium
550 2215 652 2275 defuit.
696 2218 804 2293 Neque
822 2215 902 2276 enirn
924 2218 1011 2276 refert
1025 2217 1125 2278 videre

127 2310 200 2387 quid
214 2311 377 2372 dicendum
399 2311 443 2384 sit,
460 2311 517 2371 nisi
531 2312 562 2372 id
584 2333 675 2390 queas
696 2315 792 2372 solute
811 2324 842 2373 et
861 2312 990 2373 suaviter
1008 2314 1107 2375 dicere
1117 2338 1125 2390 5

127 2427 165 2467 ne
184 2407 215 2468 id
236 2409 359 2486 quidem
380 2409 450 2469 satis
472 2422 524 2481 est,
540 2409 597 2469 nisi
618 2410 649 2470 id
670 2412 752 2487 quod
772 2409 880 2470 dicitur
901 2411 934 2469 fit
954 2430 1027 2470 voce
1042 2414 1123 2472 voltu

127 2518 270 2584 motuque
285 2507 442 2567 conditius.
486 2507 568 2583 Quid
587 2507 686 2568 dicam
701 2528 777 2585 opus
796 2527 861 2568 esse
881 2507 1039 2568 doctrina?
1060 2509 1183 2570 sine111

127 2622 187 2679 qua
201 2605 290 2664 etiam
305 2605 329 2665 si
343 2605 417 2682 quid
439 2607 516 2666 bene
535 2605 643 2666 dicitur
661 2606 820 2666 adiuvante
838 2616 949 2678 natura,
966 2617 1067 2666 tamen
1082 2607 1121 2680 id,

80 2723 113 2774 ²5
127 2701 198 2777 quia
222 2702 343 2762 fortuito
371 2705 412 2776 fit,
442 2723 559 2780 semper
586 2714 721 2780 paratum
748 2723 814 2762 esse
841 2722 903 2762 non
926 2714 1032 2780 potest.
1085 2706 1122 2763 In

126 2800 228 2859 Scauri
242 2800 383 2873 oratione,
400 2799 540 2877 sapientis
561 2799 692 2861 hominis
713 2811 743 2860 et
763 2799 842 2871 recti,
858 2799 984 2877 gravitas
1005 2820 1122 2861 summa

125 2906 155 2955 et
168 2897 308 2957 naturalis
328 2899 477 2974 quaedam
491 2897 584 2957 inerat
605 2897 772 2972 auctoritas,
788 2918 850 2958 non
871 2909 904 2957 ut
922 2917 1050 2970 causam,
1068 2900 1121 2958 sed

157 3066 172 3111 5
190 3052 267 3114 fregit
288 3052 371 3102 Victor.
384 3052 514 3102 Pisanus:
531 3052 625 3102 secitL
707 3069 721 3114 7
740 3053 822 3102 facete
834 3051 993 3102 Lambinus:
1009 3054 1084 3102 t'acile
1096 3053 1118 3101 L

124 3118 140 3165 8
158 3117 187 3166 C.
200 3118 344 3176 Gracchum
358 3120 461 3179 paulum
473 3119 539 3182 vulg.
553 3135 559 3168 ε
577 3121 679 3181 paulum
693 3118 721 3168 C.
737 3120 879 3168 Gracchum
892 3117 914 3165 L
1050 3120 1066 3166 8
1084 3119 1119 3168 Μ.

116 3182 185 3231 FO:
204 3182 233 3231 L.
247 3184 269 3232 C
408 3199 425 3245 9
437 3192 469 3233 'et
480 3187 531 3233 secl.
548 3186 613 3247 vulg.
742 3199 772 3231 12
792 3184 933 3241 Flaminino
947 3183 995 3233 06
1004 3202 1010 3232 r
1028 3184 1118 3232 Flami-

125 3247 165 3294 nis
177 3248 199 3296 C
323 3250 353 3296 16
370 3256 396 3297 et
408 3256 448 3297 est
460 3257 567 3313 uterque
578 3250 689 3312 Stangl:
705 3256 731 3298 et
743 3256 851 3311 uterque
863 3248 885 3296 L
898 3266 903 3297 :
920 3256 946 3299 at
958 3256 1066 3311 uterque
1079 3257 1119 3298 est

122 3312 226 3360 Martha
344 3329 381 3374 17,
395 3315 425 3361 18
443 3323 534 3365 erant.
547 3351 554 3366 .
568 3351 578 3369 .,
590 3316 711 3365 laudandi
723 3316 770 3363 viri
782 3317 865 3372 et‚vel
877 3315 899 3364 si
911 3350 918 3364 .
932 3351 938 3364 .
951 3350 957 3362 .
971 3315 1118 3376 probabiles

121 3376 231 3441 Stangl:
249 3386 311 3428 erat.
330 3379 360 3426 ln
371 3380 522 3441 quibusdam
534 3381 668 3429 laudandis
680 3381 743 3429 viris
755 3382 853 3429 etiamsi
865 3417 871 3429 .
886 3417 892 3430 .
908 3419 914 3430 .
928 3380 1073 3442 probabiles
1085 3381 1118 3428 L:

124 3443 185 3491 Erat
203 3444 230 3491 in
249 3445 399 3505 quibusdam
417 3445 552 3495 laudandis
569 3446 630 3494 viris
649 3483 655 3494 .
677 3481 683 3494 .
706 3481 713 3496 .
731 3446 870 3508 probabilis
888 3453 973 3494 tamen
992 3446 1117 3493 industria

121 3505 208 3557 Peter:
226 3518 298 3558 erat:
316 3511 341 3558 in
354 3512 503 3573 quibusdam
516 3511 635 3561 laudandi
646 3512 712 3562 viri.
727 3546 752 3564 ..
765 3511 909 3574 probabiles
922 3510 1003 3560 Orelli
1085 3525 1118 3559 ao

121 3573 260 3622 oratorium
278 3575 345 3624 FH:
362 3583 491 3625 oratorum
504 3577 526 3625 C
