2588 4178
179 206 244 267 933
483 195 527 252 M.
555 195 683 253 TVLLI
712 193 944 255 CICERONIS

168 366 200 416 ³³
255 359 289 418 C.
306 359 424 434 Nempe
446 376 481 416 ea
501 368 673 433 sequuntur,
690 376 767 434 quae
789 359 828 416 ad
849 356 1016 418 faciendam
1038 358 1129 418 fidem
1151 377 1214 434 per·

213 454 316 515 tinent.
361 457 392 513 P.
410 457 457 514 Ita
477 466 540 515 est:
562 475 638 532 quae
660 455 782 533 quidem
804 455 835 514 in
855 455 1113 517 confirmationem
1133 467 1163 516 et
1183 455 1213 513 in

213 551 473 630 reprehensionem
498 551 678 612 dividuntur.
723 555 803 612 Nam
827 553 858 613 in
881 555 1088 614 confirmando
1113 564 1215 613 nostra

212 651 338 729 probare
361 653 507 722 volumus
529 648 560 709 in
588 647 838 728 reprehendendo
858 653 1033 729 redarguere
1058 650 1213 711 contraria

213 747 365 824 Quoniam
387 746 474 825 igitur
494 766 592 821 omne,
609 750 692 825 quod
712 748 743 808 in
764 748 995 809 controversiam
1009 748 1098 821 venit,
1113 747 1147 809 id
1163 760 1241 820 aut5

213 845 249 905 sit
264 867 360 906 necne
381 845 418 906 sit
436 858 488 906 aut
502 845 575 923 quid
597 845 635 906 sit
653 858 705 906 aut
726 849 814 924 quale
835 846 873 906 sit
891 847 1048 925 quaeritur,
1064 846 1096 905 in
1117 845 1215 924 primo

213 943 383 1004 coniectura
397 945 483 1016 valet,
497 943 527 1001 in
541 945 634 1003 altero
646 944 789 1017 definitio,
803 944 833 1003 in
849 944 936 1004 tertio
950 944 1033 1004 ratio.
1064 946 1098 1005 C.
1109 946 1215 1004 Teneo

163 1091 199 1135 10
213 1041 299 1101 istam
335 1040 584 1101 distributionem.
629 1043 719 1102 Nunc
754 1042 943 1101 coniecturae
975 1044 1058 1102 locos
1094 1062 1214 1119 quaero

169 1183 200 1231 34
214 1141 246 1197 P.
265 1141 301 1197 In
322 1138 382 1198 veri
404 1138 550 1198 similibus
571 1149 600 1198 et
622 1138 652 1196 in
674 1139 798 1216 propriis
820 1160 917 1199 rerum
938 1139 1016 1199 notis
1035 1139 1132 1216 posita
1154 1149 1217 1198 tota

214 1249 267 1297 est.
297 1238 357 1297 Sed
367 1238 552 1314 appellemus
562 1236 693 1296 docendi
707 1237 799 1315 gratia
810 1237 871 1297 veri
885 1237 981 1297 simile
992 1238 1075 1314 quod
1089 1239 1218 1313 plerum·
1234 1261 1260 1295 10

216 1355 274 1412 que
285 1334 326 1393 ita
336 1336 394 1406 fiat,
405 1345 438 1393 ut
452 1334 687 1395 adulescentiam
701 1334 907 1412 procliviorem
919 1354 985 1395 esse
995 1336 1034 1395 ad
1049 1333 1216 1407 libidinem,

216 1431 334 1509 proprie
347 1444 447 1491 autem
466 1444 603 1491 notatum
623 1444 830 1509 argumentum
852 1434 935 1511 quod
955 1452 1119 1509 numquam
1133 1431 1218 1492 aliter

217 1528 253 1589 sit
274 1540 448 1606 certumque
469 1531 607 1603 declaret,
631 1542 664 1590 ut
685 1532 785 1590 fumus
806 1530 914 1608 ignem.
959 1530 1029 1591 Veri
1048 1529 1156 1595 similia
1177 1549 1219 1589 re-

217 1626 365 1704 perientur
389 1648 425 1687 ex
449 1627 582 1705 partibus
607 1640 637 1688 et
665 1628 757 1706 quasi,
778 1629 918 1688 membris
947 1627 1129 1688 narrationis.
1174 1607 1221 1687 Ea

217 1735 287 1784 sunt
301 1723 331 1782 in
345 1724 491 1800 personis,
502 1724 532 1783 in
547 1724 628 1798 loeis,
645 1725 676 1784 in
691 1725 883 1803 temporibus,
897 1725 928 1784 in
943 1725 1036 1798 sactis,
1049 1725 1080 1784 in
1094 1724 1217 1798 eventiS,
1235 1735 1262 1786 15

173 1834 203 1886 35
218 1821 247 1880 in
276 1842 373 1880 rerum
401 1821 530 1898 ipsarum
562 1822 809 1901 negotiorumque
837 1823 957 1882 naturis.
1015 1825 1052 1881 In
1084 1822 1220 1900 personis

219 1931 341 1978 naturae
361 1920 489 1997 primum
510 1932 681 1998 spectantur
695 1921 873 1981 valetudinis
892 1922 1002 1997 figurae
1016 1919 1121 1978 virium
1142 1930 1221 1979 aeta-

219 2016 256 2075 tis
280 2017 406 2077 marium
434 2017 611 2077 feminamm
622 2038 630 2093 ;
660 2030 751 2095 atque
776 2019 851 2078 haec
873 2018 996 2095 quidem
1021 2017 1052 2076 in
1077 2035 1202 2094 corpore
1213 2038 1221 2089 ;

219 2113 311 2174 animi
332 2126 432 2174 autem
454 2127 506 2174 aut
527 2135 617 2192 quem
638 2117 677 2176 ad
699 2117 823 2176 modum
845 2114 955 2175 adlecti
976 2114 1043 2188 sint,
1062 2113 1221 2173 virtutibus

219 2212 305 2285 vitiis,
317 2211 429 2271 artibus
444 2212 564 2285 inertiis‚
578 2226 629 2272 aut
644 2233 734 2291 quem
749 2214 788 2273 ad
803 2215 927 2274 modum
942 2211 1094 2283 commoti,
1107 2210 1222 2289 cupidi·
1236 2233 1265 2270 πο

219 2321 280 2369 tate
309 2322 398 2382 metu,
429 2312 581 2388 voluptate
609 2309 752 2371 molestia.
810 2313 910 2387 Atque
938 2312 1012 2370 haec
1037 2309 1161 2387 quidem
1190 2307 1221 2366 in

221 2419 324 2467 natura
349 2419 519 2485 spectantur
529 2430 538 2482 3
569 2408 600 2467 in
624 2411 743 2468 fortuna
763 2428 856 2486 genus
879 2406 1027 2467 amicitiae
1049 2406 1134 2467 liberi
1156 2425 1222 2484 pro

221 2503 326 2581 pinqui
339 2506 453 2565 adfines
468 2525 541 2582 opes
556 2507 684 2567 honores
699 2516 860 2583 potestates
874 2504 995 2565 divitiae
1008 2505 1128 2564 libertas
1143 2514 1172 2564 et
1187 2523 1223 2563 ea

176 2618 208 2680 36
222 2622 299 2679 quae
318 2615 386 2662 sunt
407 2601 453 2662 his
474 2602 627 2684 contraria
654 2594 708 2662 'In
729 2602 803 2663 locis
824 2614 925 2661 autem
946 2613 976 2662 et
996 2602 1047 2661 illa
1067 2600 1221 2674 naturalia,

223 2698 360 2758 maritimi
387 2720 426 2759 an
449 2699 555 2760 remoti
577 2720 595 2759 a
618 2700 699 2773 mari,
725 2699 806 2777 plani
828 2721 867 2760 an
892 2698 1052 2772 montuosi‚
1077 2701 1156 2759 leves
1181 2717 1221 2758 an
1237 2716 1266 2766 ²5

222 2796 326 2873 asperi,
356 2796 487 2856 salubres
518 2817 557 2856 an
591 2795 771 2874 pestilentes
801 2795 887 2874 opaci
914 2817 953 2855 an
981 2796 1080 2874 aprici,
1110 2808 1140 2856 et
1172 2795 1223 2855 illa

223 2894 351 2967 fortuita,
366 2893 438 2953 culti
458 2915 497 2952 an
516 2893 629 2966 inculti,
645 2895 777 2954 celebres
791 2915 829 2954 an
844 2893 962 2968 deserti,
979 2893 1165 2954 coaedificati
1184 2914 1222 2953 an

224 2991 307 3064 vasti,
330 2990 448 3050 obscuri
469 3012 508 3051 an
531 3010 628 3050 rerum
653 3004 801 3068 gestarum
825 2991 953 3069 vestigiis
975 2991 1132 3065 nobilitati,
1154 3011 1225 3051 con-

226 3087 330 3149 secrati
344 3109 383 3147 an
404 3088 527 3166 profani.
572 3091 610 3147 In
631 3088 815 3165 temporibus
835 3101 936 3148 autem
957 3088 1124 3168 praesentia
1142 3109 1224 3166 prae-

225 3184 310 3244 terita
323 3187 421 3245 futura
431 3197 610 3260 cemuntur3
630 3185 661 3244 in
675 3185 721 3244 his
732 3185 803 3263 ipsis
814 3197 930 3246 vetusta
941 3186 1070 3247 recentia
1083 3185 1224 3246 instantia
1237 3213 1268 3262 30

225 3284 315 3359 paulo
329 3293 397 3359 post
410 3294 462 3341 aut
480 3282 643 3360 aliquando
659 3283 765 3342 futura
810 3286 918 3364 Insunt
932 3282 1021 3343 etiam
1041 3283 1072 3342 in
1086 3284 1223 3362 tempori-

226 3379 282 3439 bus
301 3379 351 3439 illa
369 3398 447 3457 quae
461 3380 602 3457 temporis
617 3379 702 3458 quasi
718 3391 854 3439 naturam
869 3391 985 3455 notant,
998 3391 1032 3440 ut
1050 3379 1177 3459 hiemps,
1192 3392 1224 3440 ut

184 3055 211 3096 11

180 3142 211 3194 37

257 3551 274 3596 9
290 3535 423 3584 simillimis
434 3534 460 3583 P
541 3551 570 3582 12
589 3542 703 3584 notatum
716 3536 782 3599 vulg.
796 3555 802 3585 :
819 3535 971 3586 notaturP:
987 3543 1078 3586 notare
1090 3536 1157 3587 molat
1167 3537 1223 3587 dett.

228 3614 257 3659 13
274 3601 308 3648 sit
319 3599 356 3648 P:
376 3601 403 3649 fit
415 3601 481 3664 vulg.
559 3618 590 3662 24
607 3602 650 3649 illa
662 3603 730 3664 vulg.
745 3619 751 3650 :
767 3602 817 3650 alia
828 3601 869 3651 P:
887 3603 936 3651 ista
952 3601 1020 3652 codd.
1037 3601 1090 3652 dell.
1192 3618 1224 3665 32

226 3666 349 3728 temporis
363 3667 429 3730 vulg.
443 3684 449 3715 ε
465 3667 623 3728 temporibus
633 3666 660 3714 P
