2588 4178
159 201 220 259 311
457 190 502 249 M.
528 189 656 249 TVLLI
684 187 918 251 CICERONIS

149 375 177 410 12
192 368 266 418 tatas
280 357 342 418 vias
355 356 540 436 indagemus,
556 358 637 424 tritas
650 357 860 435 relinquamus.
902 359 967 436 Ego
981 366 1081 416 autem
1096 365 1126 416 et
1140 374 1190 415 me

191 475 281 534 saepe
305 476 383 517 nova
405 455 499 517 videri
523 457 622 517 dicere
645 456 796 534 intellego,
819 475 888 515 cum
915 464 1068 533 pervetera
1089 453 1189 514 dicam

191 554 245 614 sed
264 553 397 614 inaudita
414 553 571 632 plerisque,
587 565 617 614 et
632 556 727 614 fateor
745 573 793 613 me
810 563 965 625 oratorem,
981 551 1006 612 si
1023 551 1115 612 modo
1133 551 1189 611 sim

191 662 242 710 aut
263 652 353 711 etiam
367 652 550 729 quicumque
564 652 627 723 sim,
644 672 706 711 non
723 672 760 711 ex
778 653 930 711 rhetorum
946 648 1071 710 officinis
1085 651 1139 710 sed
1154 669 1191 709 ex

191 749 372 809 Academiae
386 748 489 827 spatiis
503 749 665 823 exstitisse3
692 749 742 808 illa
756 747 836 808 enim
851 757 921 808 sunt
935 745 1080 807 curricula
1093 745 1191 806 multi·
1206 774 1220 824 5

190 845 311 923 plicium
325 846 534 924 variorumque
547 866 726 917 sermonum,
742 844 897 922 inquibus
912 843 1045 905 Platonis
1062 843 1191 922 primum

191 954 261 1002 sunt
275 942 417 1020 impressa
430 944 560 1021 vestigia
596 945 656 1004 Sed
670 954 700 1003 et
714 942 803 1002 huius
817 953 846 1003 et
859 941 985 1003 aliorum
999 941 1192 1020 philosopho

192 1060 256 1099 rum
284 1040 537 1117 disputationibus
563 1052 593 1101 et
620 1040 782 1117 exagitatus
811 1039 938 1100 maxime
966 1049 1065 1099 orator
1092 1048 1138 1098 est
1162 1049 1193 1098 et

191 1137 331 1211 adiutus;
351 1138 450 1199 omnis
471 1138 550 1200 enim
572 1140 691 1199 ubertas
712 1149 742 1198 et
763 1136 848 1216 quasi
868 1136 942 1196 silva
961 1135 1082 1197 dicendi
1099 1137 1192 1196 ducta

192 1235 230 1296 ab
253 1235 308 1294 illis
336 1247 382 1296 est
406 1257 463 1296 nec
485 1235 554 1296 satis
578 1247 677 1296 tamen
700 1237 844 1304 instructa
865 1236 905 1295 ad
928 1233 1053 1295 forensis
1075 1253 1189 1306 causas,
1208 1258 1238 1293 ro

192 1352 274 1410 quas,
287 1346 319 1392 ut
333 1333 375 1392 illi
390 1333 447 1412 ipsi
461 1333 559 1394 dicere
573 1333 718 1406 solebant,
733 1331 942 1410 agrestioribus
958 1330 1055 1391 Musis
1068 1330 1193 1407 relique

147 1456 175 1503 13
191 1441 267 1489 runt.
311 1431 360 1490 Sic
377 1431 548 1509 eloquentia
567 1433 642 1492 haec
663 1430 788 1491 lorensis
809 1441 907 1509 spreta
924 1448 943 1489 a
958 1427 1146 1508 philosophis
1162 1439 1193 1489 et

121 1610 123 1613 Ι
191 1527 346 1605 repudiata
365 1529 465 1589 multis
482 1529 604 1606 quidem
626 1528 675 1589 illa
695 1527 876 1589 adiumentis
893 1526 1070 1605 magnisque
1089 1526 1193 1602 caruit,

192 1628 245 1686 sed
260 1637 361 1686 tamen
375 1638 479 1687 ornata
491 1627 588 1688 verbis
602 1639 692 1705 atque
709 1626 864 1707 sententiis
882 1625 1072 1687 iactationem
1087 1624 1194 1685 habuit

95 1769 97 1778 .
192 1723 223 1781 in
242 1727 355 1801 populo
374 1745 430 1785 nec
448 1745 610 1802 paucorum
628 1725 772 1786 iudicium
791 1723 1113 1802 reprehensionemque
1130 1743 1194 1801 per-
1209 1743 1237 1792 15

191 1820 290 1881 timuit
304 1844 309 1880 :
335 1821 376 1881 ita
389 1834 418 1882 et
432 1822 529 1882 doctis
543 1823 715 1900 eloquentia
728 1822 878 1901 popularis
893 1833 923 1883 et
937 1821 1054 1883 disertis
1073 1823 1193 1898 elegans

191 1918 327 1978 doctrina
340 1919 442 1980 deluit.

150 1976 178 2116 ,ἶ
232 2017 367 2076 Positum
382 2017 419 2077 sit
432 2017 519 2096 igitur
533 2016 688 2094 inprimis,
705 2019 788 2095 quod
804 2028 873 2096 post
887 2015 981 2095 magis
994 2015 1191 2092 intellegetur,

193 2114 257 2175 sine
271 2115 460 2192 philosophia
478 2135 540 2175 non
555 2135 643 2192 posse
662 2115 739 2176 effici
752 2134 843 2192 quem
862 2113 1032 2192 quaerimus
1051 2115 1192 2190 eloquen-

193 2223 263 2285 tem,
280 2233 341 2272 non
362 2224 394 2272 ut
412 2212 494 2272 inea
513 2223 614 2272 tamen
633 2211 735 2271 omnia
753 2211 821 2284 sint,
837 2211 891 2272 sed
909 2221 943 2270 ut
960 2209 1003 2271 sic
1019 2209 1140 2271 adiuvet
1158 2219 1192 2269 ut
1205 2226 1237 2262 20

193 2312 338 2389 palaestra
357 2309 551 2384 histrionem3
571 2329 661 2388 parva
682 2309 763 2370 enim
782 2308 897 2385 magnis
918 2326 1008 2386 saepe
1027 2305 1192 2368 rectissime

193 2410 392 2468 consemntur.
436 2411 515 2467 Nam
538 2428 594 2468 nec
617 2406 818 2484 latius-atque
841 2405 991 2484 copiosius
1015 2406 1054 2466 de
1077 2405 1192 2482 magnis

192 2505 339 2583 variisque
353 2505 441 2565 rebus
456 2505 520 2566 sine
534 2504 723 2583 philosophia
737 2514 836 2580 potest
855 2503 1014 2582 quisquam
1034 2502 1133 2564 dicere
1142 2503 1193 2577 3-

149 2620 177 2668 15
193 2601 217 2662 si
237 2602 359 2679 quidem
379 2601 468 2662 etiam
483 2602 514 2661 in
534 2604 672 2662 Phaedro
689 2601 822 2662 Platonis
839 2603 898 2662 hoc
912 2599 1056 2661 Periclem
1073 2599 1193 2677 praesti-

193 2699 264 2760 tisse
285 2699 389 2759 ceteris
410 2698 483 2759 dicit
503 2699 669 2760 oratoribus
691 2701 834 2782 Socrates,
851 2700 934 2777 quod
951 2697 977 2758 is
997 2699 1192 2774 Anaxagorae
1207 2710 1238 2761 ²5

193 2796 306 2875 physici
321 2797 408 2856 fuerit
422 2797 558 2872 auditor;
578 2818 596 2857 a
611 2817 672 2875 quo
682 2808 785 2858 censet
799 2816 876 2868 eum,
889 2808 958 2856 cum
972 2794 1030 2854 alia
1043 2796 1193 2872 praeclara

193 2896 340 2970 quaedam
362 2905 392 2954 et
412 2894 570 2972 magnifica
588 2894 729 2955 didicisse
750 2906 813 2954 tum
835 2893 957 2953 uberem
979 2902 1009 2952 et
1029 2891 1194 2952 secundum

194 2992 284 3051 fuisse
302 3012 494 3070 gnarumque,
514 2995 596 3070 quod
617 3003 662 3053 est
681 2990 870 3069 eloquentiae
891 2988 1062 3062 maximum,
1083 2987 1194 3066 quibus

194 3088 335 3149 orationis
349 3090 447 3149 modis
459 3109 596 3167 quaeque
609 3089 776 3149 animorum
788 3098 886 3165 partes
896 3088 1092 3166 pellerentur;
1109 3087 1194 3170 quod

195 3185 275 3245 idem
301 3187 340 3246 de
361 3188 567 3246 Demosthene
588 3185 748 3246 existimari
767 3196 874 3264 potest,
897 3184 981 3244 cuius
1002 3204 1039 3244 ex
1059 3182 1194 3260 epistulis
1207 3193 1241 3243 ³0

152 3287 181 3337 16
195 3282 325 3360 intellegi
346 3282 415 3343 licet
434 3302 524 3360 quam
544 3284 683 3360 frequens
703 3282 790 3343 suerit
809 3281 941 3342 Platonis
959 3281 1079 3341 auditor
1087 3300 1194 3356 ;—-nec

228 3446 251 3492 3,
266 3447 281 3489 4
298 3445 352 3477 sum
366 3465 372 3478 .
385 3465 391 3478 .
404 3467 410 3478 .
422 3445 477 3478 sum
490 3429 584 3477 maluit
590 3428 686 3494 Stangl
770 3443 799 3490 13
816 3427 860 3476 illa
871 3427 973 3490 quidem
984 3425 1020 3475 ed.
1032 3426 1108 3475 Rom.
1122 3428 1197 3489 1469,

194 3497 222 3554 cf.
241 3494 346 3557 Madvig
362 3495 391 3543 de
407 3495 463 3544 Fin.
481 3496 514 3545 iv.
535 3497 573 3554 16,
588 3511 620 3556 43
719 3518 722 3527 ·
777 3507 809 3555 25
827 3493 888 3542 dicit
906 3492 973 3542 codd.
991 3493 1064 3541 deta:
1087 3492 1156 3541 dicat
1173 3491 1196 3540 L

194 3574 227 3621 ap
246 3561 366 3609 didicisse
378 3567 430 3608 tum
443 3562 549 3609 uberem
560 3559 671 3609 setara:
687 3559 820 3609 didicisset
832 3559 935 3608 uberem
946 3558 969 3606 L
