2588 4178
119 217 205 295 269⁸
419 220 463 280 M.
484 219 613 278 ‘svm
635 217 866 281 crcunoms

173 384 354 472 domesticas
375 383 556 464 disciplinas.
600 386 680 446 Nam
701 397 731 447 et
752 405 821 446 cum
840 404 960 446 summo
977 385 1028 444 illo
1047 383 1184 458 oratore.

175 485 234 543 Ser.
251 485 356 557 Galba,
367 482 452 544 cuius
466 482 544 544 Gaio
558 483 620 544 lilio
634 482 725 544 filiam
740 503 824 543 suarn
839 485 1055 555 conlocaverat,
1070 481 1175 543 adlini-

173 592 234 642 tate
247 601 313 642 sese
326 578 498 642 devirixerat
516 592 630 641 etcum
648 592 727 642 esset
746 584 777 641 P.
795 580 881 642 Muci
897 580 975 640 filius
993 581 1173 658 fratremque

173 679 296 740 haberet
317 682 349 739 P.
366 680 548 753 Scaevolam,
567 677 651 740 domi
671 678 717 738 ius
739 678 825 740 civile
845 690 1032 756 cognoverat.
1077 679 1114 738 In
1135 697 1173 738 eo

172 776 348 837 industriam
373 788 490 837 constat
511 796 660 838 summam
685 776 775 837 luisse
798 776 1018 854 maximamque
1038 774 1169 853 gratiam,
1187 800 1202 851 5

127 893 160 946 99
172 893 242 934 cum
256 885 286 935 et
300 876 503 935 consuleretur
516 873 676 951 plurimum
690 885 720 934 et
734 874 853 934 diceret.
891 876 1010 934 Horum
1024 873 1172 934 aetatibus

171 971 306 1034 adiuncti
320 973 382 1033 duo
399 973 433 1034 C.
451 971 558 1032 Fannii
575 973 610 1034 C.
629 982 659 1032 et
677 974 720 1032 M.
742 971 794 1031 lilii
809 974 928 1032 luerunt
937 994 945 1047 ;
967 990 1094 1049 quorum
1114 971 1172 1031 Gai

171 1068 257 1144 filius,
283 1069 335 1149 qui
359 1072 465 1130 consul
486 1090 556 1130 cum
582 1069 719 1144 Domitio
742 1069 811 1143 suit„
829 1066 929 1130 unam·
945 1069 1111 1130 orationem
1132 1070 1171 1129 de

170 1167 258 1229 sociis
273 1179 302 1229 et
317 1167 440 1228 nomine
454 1167 562 1228 Latino
573 1179 678 1228 contra
695 1169 726 1227 C.
738 1169 908 1229 Gracchum
923 1166 1041 1244 reliquit
1055 1187 1126 1226 sane
1141 1178 1171 1227 et

169 1265 282 1327 bonam
301 1275 332 1325 et
349 1264 491 1324 nobilem.
534 1267 614 1324 Tum
636 1263 770 1325 Atticus:
793 1265 876 1340 Quid
897 1267 988 1342 ergo?
1009 1276 1094 1325 estne
1114 1264 1171 1324 ista
1186 1289 1217 1326 ιο

171 1362 288 1443 Fanni?
309 1383 378 1423 nam
394 1361 473 1423 varia
486 1362 589 1440 opinio
603 1361 702 1440 pueris
716 1362 804 1424 nobis
819 1373 888 1423 erat.
919 1361 980 1423 Alii
993 1383 1012 1422 a
1023 1363 1057 1424 C.
1069 1361 1171 1424 Persio

170 1460 298 1522 litterato
313 1460 437 1522 homine
457 1459 596 1538 scriptam
610 1480 676 1521 esse
696 1460 824 1533 aiebant,
840 1460 892 1521 illo
913 1480 1004 1538 quem
1025 1459 1171 1538 significat

169 1561 257 1621 valde
271 1562 395 1620 doctum
410 1578 475 1619 esse
490 1558 641 1633 Lucilius;
661 1558 711 1618 alii
725 1561 836 1620 multos
855 1557 972 1632 nobilis,
989 1560 1071 1637 quod
1091 1558 1171 1636 quis-

111 1677 231 1734 leoque
252 1658 404 1736 potuisset,
430 1656 461 1717 in
483 1656 565 1716 illam
589 1655 755 1717 orationem
778 1655 947 1717 contulisse.
990 1659 1071 1716 Tum
1096 1676 1170 1734 ego:

170 1754 283 1816 Audivi
297 1754 437 1833 equidem
459 1754 522 1826 ista,
538 1754 670 1833 inquam,
685 1756 725 1815 de
738 1753 900 1815 maioribus
919 1765 999 1827 natu,
1016 1757 1069 1814 sed
1086 1774 1171 1814 num·
1187 1783 1216 1833 15

171 1873 261 1931 quam
289 1873 356 1913 sum
383 1854 531 1914 adductus
559 1864 592 1912 ut
620 1854 771 1913 crederem
782 1874 790 1926 ;
817 1871 945 1929 eamque
969 1851 1170 1930 suspicionem

169 1956 290 2030 propter
323 1953 402 2011 hanc
438 1970 560 2010 causam
594 1951 685 2011 credo
718 1949 817 2023 fuisse,
854 1951 937 2029 quod
972 1949 1104 2010 Fannius
1139 1949 1171 2032 in

171 2048 372 2110 mediocribus
399 2047 566 2109 oratoribus
598 2047 718 2108 habitus
751 2059 838 2121 esset,
868 2047 962 2109 oratio
994 2059 1096 2108 autern
1123 2051 1170 2109 vel

170 2146 283 2224 optima
297 2159 375 2207 esset
388 2145 439 2208 illo
454 2145 577 2223 quidem
590 2157 725 2224 tempore
738 2145 907 2207 orationum
921 2144 1065 2205 omnium.
1109 2147 1169 2207 Sed

170 2264 226 2304 nec
253 2243 402 2305 eiusmodi
428 2255 474 2304 est
497 2252 530 2303 ut
557 2263 576 2304 a
602 2243 736 2321 pluribus
764 2246 889 2305 confusa
915 2242 1168 2304 videatur-unus
1184 2272 1216 2308 ιο

169 2340 250 2402 enim
275 2361 366 2401 sonus
390 2354 435 2402 est
459 2340 550 2401 totius
574 2341 716 2402 orationis
741 2352 771 2402 et
793 2340 873 2402 idem
896 2339 1028 2413 stilus—‚
1049 2360 1106 2402 nec
1130 2343 1169 2402 de

169 2439 271 2500 Persio
292 2438 457 2500 reticuisset
481 2440 644 2510 Gracchus,
666 2437 785 2500 cumei
811 2437 942 2498 Fannius
963 2439 1002 2498 de
1028 2441 1170 2524 Menelao

170 2538 350 2596 Maratheno
361 2547 390 2597 et
401 2537 440 2597 de
450 2535 555 2597 ceteris
564 2534 747 2611 obiecisset3
767 2535 938 2614 praesertim
953 2556 1022 2596 cum
1038 2534 1170 2596 Fannius

170 2654 334 2711 numquam
352 2634 390 2695 sit
407 2633 526 2694 habitus
545 2633 678 2711 elinguis.
722 2636 802 2693 Nam
817 2645 847 2694 et
861 2653 965 2694 causas
979 2633 1169 2694 defensitavit

169 2743 199 2792 et
220 2731 387 2792 tribunatus
408 2731 471 2792 eius
491 2731 613 2792 arbitrio
632 2743 662 2792 et
675 2731 849 2792 auctoritate
865 2735 896 2791 P.
914 2731 1047 2792 Africani
1068 2743 1168 2810 gestus
1184 2766 1215 2816 ²5

168 2849 231 2889 non
259 2830 403 2890 obscurus
430 2830 494 2890 suit.
547 2832 632 2890 Alter
658 2841 758 2890 autem
788 2830 821 2891 C.
847 2829 979 2889 Fannius
1008 2833 1051 2889 M.
1081 2829 1173 2908 filius,v

169 2928 203 2990 C.
221 2927 303 2988 Laeli
324 2948 421 3005 gener,
438 2940 467 2987 et
488 2927 621 2987 moribus
645 2937 675 2988 et
696 2927 763 3005 ipso
786 2947 894 3005 genere
916 2927 1037 2990 dicendi
1059 2926 1168 2988 durior.

110 3052 154 3089 101
170 3026 200 3085 Is
215 3025 310 3087 soceri
331 3025 474 3099 instituto,
491 3046 590 3103 quem,
613 3025 684 3103 quia
704 3037 861 3104 cooptatus
882 3025 913 3085 in
934 3045 1079 3102 augurum
1101 3045 1171 3086 con·

168 3122 277 3201 legium
300 3143 362 3183 non
383 3134 454 3196 erat,
469 3143 531 3182 non
552 3124 718 3183 admodum
739 3123 888 3201 diligebat,
906 3122 1077 3201 praesertim
1099 3143 1169 3183 cum

168 3222 218 3282 ille
233 3223 271 3297 Q.
288 3223 460 3282 Scaevolam
473 3220 529 3281 sibi
544 3221 688 3282 minorem
704 3233 776 3281 natu
787 3241 929 3299 generum
944 3221 1170 3299 praetulisset-
1184 3255 1218 3303 30

169 3317 218 3378 cui
232 3329 332 3377 tamen
354 3317 473 3378 Laelius
488 3338 520 3382 se
541 3338 685 3379 excusans
704 3338 766 3378 non
788 3338 897 3396 genero
917 3317 1024 3378 minori
1044 3317 1118 3379 dixit
1137 3338 1170 3379 se

203 3472 560 3534 7C.etM.H²:C.M.L
644 3473 1030 3527 &filiusFGOtFanniusC
1105 3473 1169 3535 9C.

170 3538 227 3588 add.
240 3539 312 3598 Jahn
380 3541 463 3600 18,19
481 3546 639 3589 est...est
658 3541 828 3590 malur'tBrrke
894 3556 926 3588 22
943 3541 968 3589 ei
987 3539 1091 3588 Gruter:
1108 3537 1169 3588 etL

170 3618 210 3668 27,
223 3606 256 3652 28
273 3605 368 3656 durior.
404 3605 429 3655 ls
446 3607 529 3669 vulga
547 3606 656 3655 durioris
670 3603 694 3652 L
