2588 4178
103 219 143 278 aa
157 220 188 276 n
413 203 456 261 M.
478 203 607 262 rvnnr
627 202 860 264 c1caaours

149 367 267 443 ,virtutis
288 388 396 447 genere
420 367 552 429 distincti
564 391 572 443 ;
602 390 621 430 a
645 369 754 447 quibus
776 380 809 434 ut
836 388 974 446 quaeque
1001 389 1048 430 res
1074 381 1159 446 gesta

106 476 138 524 80
151 478 204 540 est,
220 466 261 526 ita
275 464 312 526 sit
326 468 453 527 honesta
471 486 593 527 necesse
612 477 657 527 est
675 486 852 544 summeque
871 465 1036 528 laudabilis.
1080 469 1158 526 Sunt

150 574 251 624 autem
271 563 321 623 alii
342 563 465 641 quidam
490 561 577 645 [fieti]
597 563 690 624 animi
710 563 831 625 habitus
850 566 890 624 ad
910 563 1049 625 virtutem
1071 564 1157 641 quasi

151 661 293 738 praeculti
313 673 344 720 et
363 661 528 739 praeparati
549 661 636 722 rectis
659 661 766 722 studiis
786 673 816 722 et
840 661 962 735 artibus,
983 674 1016 721 ut
1038 661 1069 720 in
1095 662 1157 722 suis

150 760 239 820 rebus
270 759 369 820 studia
396 759 569 834 litterarum,
596 771 629 820 ut
656 781 848 822 numerorum
876 780 912 821 ac
940 780 1091 833 sonorum,
1123 771 1182 829 uts

151 877 315 930 mensurae,
327 870 360 917 ut
375 857 516 932 siderum,
524 870 557 918 ut
572 878 726 936 equorum,
738 870 771 919 ut
784 857 922 932 venandi,
938 869 972 918 ut
984 878 1136 918 armorum
1147 879 1156 932 ;

150 952 180 1012 in
201 953 414 1014 communibus
427 954 620 1033 propensiora
634 955 732 1016 studia
750 953 782 1014 in
800 955 902 1033 aliquo
917 974 1026 1034 genere
1039 954 1156 1015 virtutis

148 1050 307 1129 praecipue
321 1053 450 1112 colendo
464 1062 517 1111 aut·
528 1051 637 1113 divinis
651 1052 739 1112 rebus
753 1052 949 1114 deserviendo
963 1062 1015 1112 aut
1028 1053 1162 1130 parenti·¹

150 1149 205 1209 bus
219 1148 323 1209 amicis
337 1149 505 1228 hospitibus
525 1150 685 1229 praecipue
704 1162 795 1228 atque
814 1150 967 1229 insigniter
985 1150 1153 1227 diligendis.

149 1249 250 1323 Atque
265 1248 339 1306 haec'
353 1247 475 1324 quidem
490 1247 640 1308 virtutum.
684 1247 833 1309 Vitiorum
847 1260 947 1309 autem
962 1260 1032 1309 sunt
1044 1268 1156 1326 genera
1170 1267 1198 1305 ιο

102 1354 132 1403 8ι
149 1343 302 1403 contraria
356 1345 515 1406 Cernenda
535 1355 635 1405 autem
659 1357 728 1405 sunt
749 1345 913 1423 diligenter,
930 1365 968 1406 ne
990 1347 1094 1405 fallant
1118 1366 1156 1406 ea

148 1461 204 1500 nos
226 1441 296 1501 vitia
320 1461 398 1518 quae
424 1442 562 1503 virtutem
590 1442 728 1503 videntur
755 1443 870 1503 imitari.
921 1445 1000 1512 Nam
1030 1454 1060 1503 et
1088 1463 1155 1520 pru-

147 1538 281 1599 dentiam
296 1539 408 1600 malitia
421 1550 450 1600 et
465 1539 691 1618 temperantiam
712 1540 882 1608 immanitas
901 1541 932 1600 in
948 1540 1154 1618 voluptatibus

147 1636 341 1712 aspernandis
362 1647 391 1696 et
412 1636 648 1714 magnitudinem
668 1636 760 1697 animi
781 1637 920 1715 superbia
939 1637 970 1697 in
994 1636 1084 1696 nimis
1106 1656 1156 1696 ex·
1206 1719 1208 1721 ‚

148 1733 287 1794 tollendis
315 1745 345 1794 et
372 1734 567 1812 despicientia
594 1734 625 1794 in
660 1734 889 1796 contemnendis
922 1734 1087 1796 honoribus
1123 1745 1153 1794 et
1169 1756 1196 1806 ¹5

148 1829 353 1890 liberalitatem
388 1831 493 1891 effusio
521 1843 550 1891 et
578 1827 782 1911 fortitudinem
809 1831 936 1893 audacia
963 1831 1094 1892 imitatur
1122 1843 1153 1892 et

147 1926 319 2004 patientiam
335 1927 441 1988 duritia
463 1929 601 1989 immanis
620 1941 649 1990 et
668 1929 809 1990 iustitiam
830 1929 976 1991 acerbitas
994 1941 1024 1990 et
1037 1928 1153 2006 religio

146 2044 216 2084 nem
231 2025 400 2102 superstitio
414 2036 444 2086 et
457 2025 609 2086 lenitatem
631 2026 755 2086 mollitia
775 2026 867 2086 animi
888 2038 919 2087 et
939 2028 1150 2087 verecundiam

146 2120 288 2183 timiditas
303 2133 333 2183 et
350 2123 430 2183 illam
452 2123 625 2201 disputandi
643 2123 831 2201 prudentiam
851 2123 1034 2208 concertatio
1052 2134 1152 2201 capta·

115 2273 117 2277 .
146 2217 248 2296 tioque
268 2221 425 2281 verborum
447 2217 502 2301 [et]
524 2222 601 2281 hanc
622 2220 779 2282 oratoriam
801 2220 978 2281 viminanis
999 2221 1149 2298 quaedam
1164 2242 1194 2278 ao

145 2317 323 2393 profluentia
336 2317 487 2394 loquendi.
531 2318 643 2379 Studiis
663 2331 763 2378 autem
784 2318 873 2379 bonis
887 2316 995 2378 similia
1011 2316 1151 2378 videntur

100 2423 130 2470 82
145 2434 181 2474 ea
205 2436 283 2492 quae
310 2427 379 2476 sunt
405 2415 436 2475 in
465 2417 573 2476 eodem
600 2435 708 2494 genere
735 2414 835 2476 nimia
888 2417 988 2490 Quam
1017 2416 1057 2476 ob
1085 2436 1148 2476 rem

145 2511 243 2572 omnis
257 2510 300 2573 vis
317 2511 460 2573 laudandi
481 2524 510 2573 et
529 2512 716 2590 vituperandi
735 2533 771 2573 ex
789 2511 835 2573 his
854 2524 988 2572 sumetur
1005 2511 1164 2574 virtutum.

144 2609 343 2687 vitiorumque
363 2609 496 2688 partibus
506 2631 515 2683 3
536 2609 637 2671 sedin
656 2620 720 2670 toto
739 2609 824 2687 quasi
841 2621 983 2670 contextu
1005 2609 1148 2670 orationis

144 2708 218 2767 haec
239 2718 325 2767 erunt
345 2707 529 2766 inlustranda
549 2705 684 2778 maxime,
700 2726 791 2784 quem
811 2708 850 2767 ad
872 2707 996 2766 modum
1019 2705 1147 2784 quisque
1161 2727 1190 2778 25

142 2814 307 2878 generatus,
331 2805 483 2881 quemad
510 2807 635 2866 modum
663 2807 814 2877 educatus,
838 2823 929 2880 quem
956 2805 996 2864 ad
1021 2805 1146 2864 modum

143 2899 294 2961 institutus
316 2911 507 2979 moratusque
531 2901 636 2976 fuerit,
664 2912 694 2962 et
717 2900 743 2961 si
767 2899 840 2978 quid
861 2900 910 2961 cui
933 2921 1073 2980 magnum
1095 2912 1147 2961 aut

143 2995 317 3059 incredibile
344 2997 484 3059 acciderit
513 2998 701 3076 maximeque
722 2997 747 3058 si
774 2998 806 3058 id
834 2997 976 3060 divinitus
1000 2996 1146 3058 accidisse

142 3095 271 3170 potuerit
292 3095 383 3157 videri
394 3118 403 3170 3
423 3106 488 3155 tum
509 3116 586 3173 quae
607 3096 734 3175 quisque
754 3094 878 3156 senserit
897 3094 1004 3156 dixerit
1023 3093 1147 3172 gesserit

141 3191 181 3250 ad
206 3211 241 3251 ea
265 3212 342 3268 quae
366 3192 518 3270 proposita
542 3205 612 3254 sunt
634 3193 776 3253 virtutum
803 3212 912 3270 genera
935 3193 1146 3252 accommoda·
1159 3214 1196 3264 30,

141 3288 262 3363 buntur,
276 3308 313 3349 ex
326 3288 443 3368 illisque
457 3288 629 3351 inveniendi
649 3284 722 3351 locis
741 3309 848 3350 causae
864 3308 962 3349 rerum
975 3299 1006 3348 et
1019 3299 1145 3349 eventus

141 3395 171 3444 et
203 3385 418 3464 consequentia
448 3386 640 3464 requirentur.
699 3387 807 3463 Neque
834 3403 904 3444 vero
932 3403 1011 3443 mors
1038 3403 1144 3444 eorum

174 3540 266 3601 alieti
284 3539 324 3590 Ρ.
349 3540 469 3616 perlecti.
477 3541 563 3604 vulg:
589 3540 634 3590 del.
657 3538 802 3588 Lambinus
902 3553 931 3599 14
949 3539 1026 3588 nimis
1050 3538 1144 3588 Orelli:

142 3604 312 3656 animisoodd.
414 3621 443 3668 η
462 3605 674 3668 immanisvulgr
668 3603 814 3653 ·inanisP
909 3620 943 3653 σο
960 3611 986 3653 et
996 3620 1048 3654 om
1058 3604 1085 3652 P
