2588 4178
524 226 702 288 ORATOR
1077 241 1114 300 41
1127 248 1177 302 140

119 395 241 454 laudum
261 413 404 470 mearum,
418 393 469 472 qui
488 415 550 454 non
567 405 723 455 censerent
736 393 799 454 eius
813 392 866 453 viri
883 413 956 468 esse,
972 393 1011 453 de
1030 392 1115 453 cuius

120 491 230 551 meritis
251 504 370 557 senatus
394 504 477 551 tanta
496 491 607 553 iudicia
630 491 747 552 fecisset
766 484 982 569 comprobante
1002 491 1116 568 populo

121 591 261 650 Romano
282 602 393 667 quanta
414 592 453 650 de
473 592 567 664 nullo,
585 592 624 651 de
644 589 768 650 artisrcio
788 589 909 650 dicendi
929 587 1033 649 litteris
1054 600 1116 648 tarn

120 688 213 746 multa
228 689 377 748 mandare.
417 687 536 763 Quibus
550 686 575 747 si
589 687 663 747 nihil
676 688 757 748 aliud
771 688 980 764 responderem
996 684 1053 745 nisi
1068 704 1116 745 me

92 804 106 852 5
122 785 164 842 M.
182 786 275 844 Bruto
290 804 396 862 negare
410 784 525 862 roganti
539 785 678 858 noluisse,
694 784 770 844 iusta
784 795 862 844 esset
875 783 1034 856 excusatio,
1047 803 1116 842 cum

121 893 151 941 et
170 881 351 941 amicissimo
376 893 406 941 et
427 880 681 960 praestantissimo
702 880 766 940 viro
787 892 817 940 et
837 892 918 941 recta
941 892 971 940 et
992 882 1118 940 honesta

121 979 234 1057 petenti
258 979 328 1040 satis
352 981 448 1039 facere
475 979 644 1040 voluissem.
695 979 754 1038 Sed
786 979 810 1038 si
837 978 1117 1056 profiterer—quod
1132 1000 1177 1052 141

121 1076 235 1136 utinam
255 1097 374 1154 possem
386 1081 483 1136 l—me
503 1076 644 1137 studiosis
665 1075 786 1136 dicendi
806 1088 964 1154 praecepta
984 1087 1014 1137 et
1033 1074 1118 1153 quasi

121 1173 183 1234 vias
205 1194 282 1251 quae
302 1175 341 1234 ad
360 1174 562 1251 eloquentiam
583 1176 691 1236 ferrent
710 1174 896 1248 traditurum,
910 1174 977 1252 quis
995 1175 1118 1234 tandem

80 1297 110 1334 ιο
122 1271 154 1332 id
173 1271 267 1332 iustus
281 1293 378 1332 rerum
393 1271 574 1332 existimator
593 1273 842 1350 reprehenderet?
876 1273 956 1331 Nam
970 1271 1037 1348 quis
1056 1291 1120 1331 um·

122 1389 212 1446 quam
227 1369 374 1429 dubitavit
387 1369 460 1446 quin
474 1369 505 1428 in
520 1390 551 1429 re
565 1369 686 1447 publica
704 1380 805 1429 nostra
821 1368 930 1447 primas
949 1368 1120 1446 eloquentia

122 1466 248 1527 tenuerit
272 1487 389 1546 semper
412 1467 532 1527 urbanis
560 1467 732 1545 pacatisque
759 1468 856 1540 rebus,
878 1469 1025 1527 secundas
1049 1466 1119 1527 iuris

122 1562 267 1624 scientia?
294 1560 363 1624 eum
384 1563 416 1625 in
434 1567 525 1625 altera
545 1565 662 1642 gratiae,
678 1563 795 1642 gloriae,
811 1564 940 1642 praesidi
958 1563 1120 1641 plurimum

122 1672 208 1735 esset,
231 1660 262 1720 in
282 1664 374 1722 altera
393 1661 659 1741 praescriptionum
683 1662 916 1739 cautionumque
940 1660 1119 1739 praeceptio,

80 1779 200 1836 15·quae
218 1759 341 1836 quidem
356 1759 420 1837 ipsa
439 1759 580 1820 auxilium
599 1762 638 1821 ab
657 1759 828 1838 eloquentia
845 1779 934 1837 saepe
948 1770 1069 1836 peteret,
1085 1778 1121 1819 ea

122 1877 193 1917 vero
206 1869 389 1934 repugnante
402 1857 450 1916 vix
464 1878 531 1918 suas
545 1857 680 1936 regiones
695 1857 822 1935 finisque
835 1859 1016 1918 defenderet.
1059 1857 1120 1918 Cur
1134 1881 1180 1934 ¹4²

123 1953 210 2032 igitur
228 1954 273 2014 ius
293 1955 378 2016 civile
398 1958 506 2017 docere
525 1977 642 2034 semper
658 1957 815 2034 pulchrum
834 1955 889 2015 fuit
903 1955 1121 2032 hominumque

123 2051 351 2112 clarissimorum
375 2053 529 2131 discipulis
556 2056 719 2114 floruerunt
742 2048 869 2114 domus:
896 2054 935 2113 ad
956 2051 1120 2113 dicendum

122 2149 148 2208 si
172 2149 238 2226 quis
262 2161 350 2210 acuat
373 2162 424 2210 aut
447 2151 568 2212 adiuvet
588 2151 619 2211 in
644 2172 681 2212 eo
704 2150 896 2224 iuventutem,
917 2150 1122 2227 vituperetur?

81 2267 112 2303 ro
124 2248 204 2306 Nam
221 2247 245 2306 si
256 2246 395 2308 vitiosum
407 2259 452 2308 est
462 2248 561 2309 dicere
576 2261 688 2322 ornate,
697 2251 822 2326 pellatur
832 2247 957 2308 omnino
971 2268 988 2307 e
1002 2246 1121 2308 civitate

123 2343 294 2422 eloquentia
303 2366 312 2419 3
332 2344 378 2403 sin
393 2365 429 2406 ea
442 2366 504 2405 non
523 2347 615 2406 modo
632 2365 684 2406 eos
703 2357 788 2406 omat
802 2365 894 2422 penes
908 2365 984 2422 quos
999 2356 1051 2417 est,
1067 2345 1121 2406 sed

123 2441 213 2501 etiam
231 2441 312 2502 iuvat
325 2441 492 2503 universam
513 2464 575 2503 rem
596 2443 756 2520 publicam,
773 2464 825 2503 cur
842 2454 894 2503 aut
908 2442 1021 2503 discere
1036 2453 1121 2520 turpe

123 2541 265 2617 estquod
284 2539 358 2601 scire
377 2542 537 2601 honestum
556 2552 601 2601 est
618 2552 669 2601 aut
684 2543 766 2618 quod
783 2561 871 2619 posse
889 2539 1121 2619 pulcherrimum

124 2649 169 2697 est
183 2637 215 2697 id
229 2657 290 2697 non
304 2637 465 2715 gloriosum
479 2649 524 2698 est
537 2639 668 2698 docere?

81 2760 112 2810 ²5
168 2738 221 2794 ‘At
234 2737 358 2795 alterum
374 2735 538 2795 factitatum
553 2746 607 2809 est,
617 2737 743 2795 alterum
757 2736 887 2796 novum!
923 2737 1030 2795 Fateor
1038 2756 1047 2809 ;
1068 2735 1121 2795 sed
1132 2699 1182 2842 ᾖ

124 2832 278 2910 utriusque
296 2833 338 2893 rei
351 2854 441 2893 causa
454 2846 506 2894 est.
549 2836 668 2895 Alteros
687 2833 767 2894 enim
786 2835 1001 2911 respondentes
1019 2832 1122 2892 audire

125 2942 170 2992 sat
184 2942 253 3003 erat,
269 2941 302 2990 ut
316 2930 343 2991 ei
358 2930 409 3008 qui
423 2933 566 2991 docerent
581 2933 696 2991 nullum
711 2930 767 2991 sibi
786 2932 825 2991 ad
840 2951 907 2992 eam
926 2951 988 2991 rem
1003 2942 1121 3007 tempus

124 3028 181 3108 ipsi
205 3040 390 3106 seponerent,
417 3029 470 3088 sed
498 3031 605 3089 eodem
631 3039 764 3105 tempore
788 3040 818 3088 et
839 3029 1024 3089 discentibus
1051 3027 1122 3088 satis

124 3128 255 3187 facerent
274 3137 304 3185 et
322 3124 547 3186 consulentibus
557 3147 566 3201 3
587 3125 677 3199 alteri,
694 3146 763 3186 cum
783 3126 982 3187 domesticum
1003 3137 1121 3202 tempus

158 3296 172 3342 7
200 3280 336 3342 profiterer
346 3279 462 3329 Ernesti:
479 3280 602 3341 profitear
619 3282 658 3331 L:
683 3281 834 3343 profiteatur
849 3279 876 3328 Α
991 3279 1123 3341 9serrent

124 3344 193 3393 AL:
210 3345 293 3394 serent
301 3345 391 3405 Jahn:
408 3345 490 3394 serant
499 3346 598 3406 Kayser
689 3360 719 3395 10
735 3347 939 3409 reprehenderet
949 3344 1017 3394 AL:
1034 3359 1121 3405 repre·

124 3410 222 3459 hendet
240 3409 289 3460 cod.
315 3408 394 3458 Victz
418 3411 595 3471 reprehendat
615 3410 685 3458 Bake
811 3425 838 3458 11
856 3412 917 3472 quin
940 3408 980 3459 L:
1008 3408 1120 3484 quodsi

127 3489 157 3547 ,¹⁹
175 3476 272 3551 pacatis
285 3475 375 3523 maluit
385 3474 480 3525 Fuerit
575 3490 604 3537 14
622 3475 853 3538 praescriptionum
864 3475 915 3526 cod.
925 3473 1004 3524 Laur.
1013 3474 1121 3549 Poggu':

125 3539 445 3656 ggffnsslbginebqelgsam
457 3606 483 3653 A
494 3557 525 3603 19
542 3548 585 3590 aut
598 3577 623 3592 ..
638 3577 645 3594 .
656 3557 688 3590 eo
700 3542 752 3593 secl.
761 3538 884 3591 Hoerner,
970 3555 1003 3588 aa
1020 3553 1122 3588 uruver-
