2588 4178
358 198 646 262 PARTITIONES
675 199 929 262 ORATORIAE
1108 214 1186 276 1345

140 367 247 442 habe0,
277 386 369 445 quem
396 369 435 428 ad
464 370 589 429 modum
618 367 649 428 in
676 367 808 430 dicendo
837 367 952 446 singula
980 377 1142 428 tractentur

140 475 289 543 exspecto.
333 468 366 526 P.
382 465 684 543 Argumentationem
705 486 847 544 quaerere
864 465 983 540 videris,
996 486 1077 544 quae
1097 476 1142 526 est

139 561 306 640 argumenti
330 560 502 643 explicatio[
513 585 522 638 ;
546 583 624 641 quae
645 575 765 642 sumpta
783 584 822 624 ex
842 563 915 625 locis
936 563 979 624 eis
998 563 1051 641 qui
1072 574 1143 624 sunt
1172 588 1174 591 ’

140 659 267 738 expositi
281 659 469 721 conficienda
483 672 513 722 et
528 654 740 738 distinguenda
754 660 886 722 dilucide
900 658 967 743 est].
996 663 1032 723 C.
1049 662 1142 720 Plane

111 756 239 834 sipsum
264 757 341 817 istuc
365 757 491 836 requiro.
535 761 568 818 P.
596 761 650 818 Est
673 779 753 836 ergo,
780 770 813 819 ut
835 779 924 837 supra
945 758 1059 819 dictum
1088 769 1140 832 est,
1155 757 1189 822 4⁶

141 854 299 932 explicatio
320 855 487 933 argumenti
508 856 734 934 argumentatiO,
758 858 811 918 sed
832 876 869 916 ea
889 855 1053 930 conficitur,
1073 876 1142 916 cum

141 951 303 1031 sumpseris
317 965 369 1013 aut
383 973 445 1014 non
460 953 554 1014 dubia
563 964 619 1014 'aut
632 954 807 1031 probabilia,
818 974 854 1015 ex
865 953 974 1032 quibus
989 952 1142 1014 idefficias

141 1051 226 1127 quod
253 1062 304 1110 aut
332 1050 458 1113 dubium
486 1061 538 1111 aut
566 1051 665 1112 minus
692 1051 848 1130 probabile
878 1072 931 1130 per
958 1072 990 1112 se
1016 1051 1142 1113 videtur.

142 1147 506 1225 Argumentandi'autem
535 1150 598 1209 duo
626 1159 709 1209 sunt·
722 1153 839 1227 genera,
864 1169 993 1226 quorum
1018 1150 1144 1209 alterum

98 1268 129 1306 ro
141 1247 181 1306 ad
203 1246 305 1306 fidem.
317 1247 440 1306 derecto
469 1256 591 1324 spectat,
615 1248 741 1307 alterum
765 1267 797 1307 se
814 1246 939 1307 inflectit
959 1248 999 1307 ad
1018 1257 1143 1306 motum.

145 1345 276 1403 Derecto
294 1342 389 1420 igitur,
408 1363 478 1404 curn
499 1343 655 1423 proposuit
673 1343 787 1421 aliquid
804 1346 887 1422 quod
908 1344 1047 1422 probaret
1067 1363 1145 1404 sum-

144 1439 263 1518 psitque
294 1440 331 1501 ea
362 1441 472 1518 quibus
493 1440 654 1515 niteretur,
683 1454 774 1520 atque
808 1441 855 1502 his
890 1440 1071 1502 confirmatis
1105 1443 1145 1502 ad

144 1537 330 1616 propositum
345 1558 410 1599 sese
430 1538 543 1599 rettulit
556 1551 647 1617 atque
666 1532 821 1600 cunclusit.
865 1541 922 1599 Illa
937 1551 1040 1599 autem
1054 1541 1146 1599 altera

143 1635 362 1713 argumentatio
384 1636 469 1714 quasi
492 1642 570 1697 retro
592 1648 622 1697 et
645 1649 749 1697 contra
764 1637 851 1715 prius
873 1636 963 1696 sumit
984 1657 1062 1714 quae
1082 1638 1146 1696 vult

99 1753 129 1810 ¹⁵
144 1752 241 1810 eaque
263 1735 428 1807 confirmat,
453 1733 563 1795 deinde
586 1734 617 1794 id
641 1736 723 1812 quod
748 1736 978 1813 proponendum
1000 1734 1056 1794 fuit
1083 1755 1147 1812 per-

146 1830 236 1890 motis
250 1829 357 1895 animis
372 1829 441 1891 iacit
452 1833 682 1895 adextremum.
727 1835 782 1892 Est
800 1832 890 1892 etiam
907 1831 958 1892 illa
971 1831 1095 1892 varietas
1114 1831 1144 1890 in
1158 1849 1189 1906 47

145 1930 384 2006 argumentando
398 1940 428 1989 et
440 1948 504 1988 non
519 1928 685 1991 iniucunda
699 1928 859 2004 distincti0,
871 1925 930 2011 [ut]
942 1949 1011 1989 curn
1026 1929 1147 1990 interro

144 2045 250 2103 gamus
272 2036 391 2087 nosmet
413 2026 494 2105 ipsos
516 2037 568 2086 aut
590 2038 800 2105 percontamur
821 2038 873 2086 aut
894 2027 1074 2105 imperamus
1095 2039 1147 2088 aut

142 2135 293 2204 optamus,
320 2143 398 2202 quae
422 2135 492 2184 sunt
514 2144 584 2190 cum
608 2123 673 2183 aliis
701 2124 905 2202 compluribus
933 2113 1146 2186 sententiarum

99 2247 131 2284 πο
145 2231 328 2285 ornamenta.
383 2221 485 2282 Vitare
508 2227 610 2282 autern
635 2221 860 2282 similitudinem
888 2223 1060 2301 poterimus,
1084 2245 1145 2284 non

146 2326 264 2397 semper
277 2338 295 2377 a
308 2318 462 2398 proposito
481 2319 632 2379 ordientes
642 2341 651 2394 ;
671 2307 701 2379 et
718 2319 743 2378 si
762 2338 823 2379 non
843 2319 945 2379 omnia
963 2320 1146 2398 disputando

146 2415 389 2477 confirmabimus
404 2416 591 2494 breviterque
605 2416 756 2476 interdum
770 2437 847 2494 quae
862 2429 947 2477 erunt
961 2418 1031 2478 satis
1045 2429 1147 2496 aperta

146 2534 294 2593 ponemus
304 2535 313 2589 5
342 2516 485 2592 quodque
511 2535 547 2574 ex
571 2514 613 2574 eis
638 2514 788 2587 efficietur,
812 2514 837 2574 si
859 2514 891 2575 id
914 2526 1059 2593 apertum,
1083 2535 1145 2576 non

145 2611 324 2690 habebimus
345 2631 467 2672 necesse
488 2622 608 2690 semper
626 2614 814 2673 concludere.

101 2734 132 2785 ²5
187 2711 222 2771 C.
235 2709 318 2785 Quid
338 2708 387 2769 illa
401 2729 479 2787 quae
494 2708 557 2770 sine
571 2721 633 2770 arte
647 2713 841 2788 appellantur,
857 2731 934 2787 quae
948 2710 1007 2770 iam
1027 2713 1142 2772 dudum
1157 2678 1191 2817 i}

145 2809 305 2884 adsumpta
328 2805 436 2880 dixisti,
457 2821 624 2884 ecquonam
650 2809 743 2868 modo
767 2804 948 2889 [ecquonam
971 2807 1053 2891 loco]
1075 2809 1145 2870 artis

145 2904 303 2983 indigent?
345 2907 377 2964 P.
395 2906 451 2963 Illa
464 2924 535 2965 vero
553 2903 688 2982 indigent
707 2925 763 2965 nec
778 2925 815 2966 eo
833 2905 974 2966 dicuntur
992 2907 1057 2968 sine
1073 2917 1144 2982 arte,

146 3003 230 3080 quod
240 3001 285 3061 'ita
306 3001 373 3076 sint,
390 3004 444 3062 sed
465 3003 548 3079 quod
570 3022 606 3063 ea
619 3023 681 3067 non
696 3003 771 3081 parit
792 3003 915 3063 oratoris
935 3024 990 3078 ars,
1007 3007 1060 3065 sed
1074 3004 1145 3066 foris

144 3102 184 3160 ad
199 3121 231 3160 se
246 3102 344 3160 delata
358 3111 458 3159 tamen
469 3110 532 3158 arte
546 3110 659 3172 tractat,
670 3110 700 3159 et
714 3099 842 3160 maxime
855 3099 886 3159 in
902 3101 1035 3162 testibus.
1065 3105 1144 3162 Nam
1159 3134 1192 3184 49

179 3271 194 3316 3
211 3271 294 3317 quae.
308 3289 316 3304 .
331 3289 337 3304 .
350 3260 390 3302 est
400 3253 453 3302 secl.
466 3253 580 3307 Ernesti:
594 3269 645 3302 om.
656 3255 722 3304 codd.
733 3272 783 3304 non
796 3256 863 3304 nulli
953 3272 968 3318 5
987 3259 1069 3320 ipsum
1081 3259 1146 3310 istuc

146 3321 182 3370 ed.
206 3318 341 3369 Non'mb.:
367 3319 451 3380 ipsum
471 3319 550 3380 igitur
565 3320 607 3368 'est
621 3326 682 3368 tunc
698 3319 725 3368 P
764 3379 768 3385 .
836 3322 938 3383 requiro
960 3323 998 3372 P:
1027 3324 1146 3374 desidero

146 3386 213 3448 vulg.
327 3399 355 3432 11
382 3385 487 3432 derecto
510 3384 586 3445 igitur
605 3384 744 3435 Friedrich:
768 3387 800 3434 de
824 3401 852 3434 re
870 3387 948 3448 igitur
965 3390 1006 3437 P:
1029 3390 1148 3451 dirigitur

146 3453 212 3514 vulg.
325 3464 355 3498 12
373 3455 487 3498 uteretur
506 3448 649 3498 Lambinus
756 3466 784 3513 17
803 3458 831 3500 ut
848 3468 898 3501 om.
914 3452 940 3501 P
1046 3469 1077 3516 25
1096 3455 1145 3502 iam

146 3532 197 3566 om.
209 3514 304 3564 Piderit
322 3565 324 3568 Α
383 3517 415 3562 2⁶
432 3531 574 3577 ecquonam
587 3516 663 3564 modo
671 3523 707 3579 p:
723 3531 833 3578 quonam
846 3519 921 3567 modo
932 3518 959 3566 P
964 3536 972 3568 .·
990 3535 1023 3568 ex
1035 3534 1144 3582 quonam

147 3582 223 3631 modo
235 3589 262 3630 et
273 3595 384 3644 quonam
395 3580 452 3630 loco
464 3580 531 3630 codd.
545 3581 601 3630 dett.
