2588 4178
152 228 186 290 15
200 245 231 295 50
458 223 501 281 M.
532 220 661 280 TVLLI
689 218 923 282 CICERONIS

147 417 183 476 16
239 385 340 461 Atque
363 383 395 442 in
418 383 521 462 primis
547 384 665 445 duabus
692 382 814 445 dicendi
840 381 973 462 partibus
996 381 1091 459 qualis
1118 387 1197 457 esset

153 522 180 571 5,
198 480 369 541 summatim
388 478 574 559 breviterque
594 480 813 560 descripsimus.
857 482 926 555 Sed,
941 491 975 540 ut
992 490 1063 540 ante
1080 477 1196 540 dictum

197 588 250 653 est,
266 577 297 638 in
312 578 357 639 his
371 578 515 657 partibus,
528 578 584 640 etsi
596 570 699 657 graves
712 590 803 657 atque
820 599 946 657 magnae
959 589 1037 653 sunt,
1053 577 1152 638 minus
1167 587 1197 638 et

196 675 266 736 artis
285 687 330 736 est
348 688 378 738 et
396 677 523 752 laboris;
550 697 620 737 cum
638 688 738 738 autem
760 675 880 754 etquid
899 687 929 737 et
948 695 1009 754 quo
1027 678 1096 737 loco
1116 674 1198 762 dieat

198 772 353 849 invenerit,
366 774 441 835 illud
456 785 501 835 est
514 776 603 852 longe
621 773 793 847 maximum,
816 773 916 835 videre
935 793 1067 851 quonam
1085 773 1197 847 mod03
1212 779 1226 830 5

197 870 305 931 scitum
333 884 377 933 est
401 872 490 947 enim,
515 874 597 950 quod
622 873 793 935 Carneades
820 884 922 932 noster
945 870 1044 932 dicere
1071 871 1196 942 solebat,

197 968 420 1031 Clitomachum
451 973 558 1032 eadem
586 969 694 1045 dicere,
724 971 925 1033 Charmadam
955 981 1056 1030 autem
1087 970 1197 1030 eodem

197 1066 287 1127 etiam
310 1070 403 1128 modo
427 1067 534 1130 dicere.
582 1069 675 1144 Quod
698 1067 723 1128 si
747 1067 778 1127 in
802 1066 992 1146 philosophia
1016 1077 1132 1127 tantum
1156 1065 1199 1124 in-

197 1174 287 1225 terest
300 1185 390 1242 quem
409 1168 448 1226 ad
467 1167 592 1227 modum
611 1165 703 1239 dicas,
718 1164 771 1226 ubi
789 1185 835 1226 res
854 1176 1014 1243 spectatur,
1027 1184 1090 1225 non
1107 1164 1198 1227 verba

200 1264 382 1339 penduntur,
396 1263 469 1341 quid
483 1265 606 1324 tandem
622 1262 654 1322 in
671 1263 767 1323 causis
783 1262 1014 1324 existimandum
1028 1273 1073 1323 est
1087 1261 1197 1339 quibus
1213 1284 1245 1320 ιο

154 1369 184 1419 5²
199 1359 269 1420 totis
290 1362 461 1422 moderatur
481 1360 597 1421 oratio?
632 1363 725 1436 Quod
743 1361 867 1439 quidem
887 1381 954 1438 ego,
969 1363 1068 1433 Brute,
1084 1379 1120 1420 ex
1139 1359 1198 1434 tuis

196 1456 300 1519 litteris
319 1458 493 1533 sentiebam,
509 1480 572 1519 non
590 1470 620 1520 te
639 1460 670 1521 id
689 1459 838 1533 sciscitari,
854 1462 973 1537 qualem
993 1479 1050 1536 ego
1068 1460 1101 1518 in
1119 1457 1199 1519 inve·

197 1555 310 1616 niendo
332 1566 362 1616 et
384 1555 415 1616 in
437 1558 626 1617 conlocando
650 1577 801 1617 summum
825 1576 890 1618 esse
912 1567 1059 1617 oratorem
1079 1558 1196 1630 vellem,

198 1653 251 1712 sed
270 1652 302 1714 id
321 1652 395 1712 mihi
411 1673 552 1731 quaerere
568 1653 719 1728 videbare,
733 1653 816 1731 quod
833 1673 927 1731 genus
946 1653 1039 1731 ipsius
1055 1651 1198 1721 orationis

198 1747 344 1826 optimum
366 1749 548 1810 iudicarem:
574 1771 638 1811 rem
660 1749 820 1824 difficilem,
841 1750 873 1810 di
896 1749 1086 1822 immortales,
1106 1760 1244 1827 atquem

197 1844 333 1907 omnium
343 1846 556 1908 difficillimam.
600 1850 679 1909 Nam
693 1868 764 1908 cum
777 1858 823 1908 est
833 1846 927 1908 oratio
941 1846 1039 1907 mollis
1053 1858 1083 1907 et
1097 1857 1200 1932 tenera

198 1954 229 2003 et
250 1944 291 2004 ita
316 1944 452 2006 flexibilis
476 1956 510 2005 ut
532 1957 674 2024 sequatur·
693 1966 886 2024 quocumque
908 1956 1056 2023 torqueas,
1078 1955 1199 2006 tumet

199 2052 320 2102 naturae
336 2043 434 2104 variae
452 2054 482 2104 et
495 2045 663 2105 voluntates
683 2047 812 2105 multum
830 2043 908 2104 inter
923 2063 955 2103 se
972 2041 1114 2103 distantia
1131 2044 1199 2103 effe-

153 2149 185 2199 ⁵3
198 2151 301 2199 cerunt
311 2160 420 2217 genera
433 2141 571 2202 dicendi:
592 2143 704 2203 flumen
717 2141 782 2202 aliis
796 2141 954 2202 verborum
968 2138 1199 2217 volubilitasque

198 2236 281 2297 cordi
302 2248 355 2310 est,
376 2237 428 2315 qui
448 2250 566 2316 ponunt
585 2239 616 2298 in
641 2239 782 2300 orationis
806 2238 956 2300 celeritate
977 2236 1180 2316 eloquentiam
1190 2259 1199 2312 3
1215 2251 1246 2288 ²0

197 2333 338 2395 distincta
360 2335 435 2395 alios
459 2346 489 2396 et
512 2336 700 2414 interpuncta
723 2336 885 2412 intervalla,
910 2356 1012 2397 morae
1035 2333 1200 2413 respiratio-

198 2452 311 2510 nesque
330 2435 498 2494 delectant:
523 2434 596 2512 quid
614 2445 714 2512 potest
732 2455 798 2501 esse
819 2446 879 2495 tam
901 2434 1073 2495 diversum?
1097 2443 1199 2511 tamen

198 2536 243 2586 est
257 2524 288 2584 in
305 2537 431 2603 utroque
450 2526 563 2604 aliquid
580 2530 735 2588 excellens.
779 2527 943 2588 Elaborant
958 2526 1009 2586 alii
1027 2530 1060 2586 in
1076 2525 1200 2586 lenitate

197 2634 228 2701 et
247 2623 458 2701 aequabilitate
480 2635 510 2685 et
529 2645 605 2703 puro
630 2624 715 2703 quasi
733 2627 866 2703 quodam
887 2635 918 2685 et
937 2624 1069 2685 candido
1089 2642 1199 2711 genere

196 2719 317 2782 dicendi
327 2742 335 2795 ;
363 2741 434 2782 ecce
453 2721 544 2800 aliqui
563 2722 721 2784 duritatem
741 2733 771 2784 et
787 2721 973 2782 severitatem
993 2723 1146 2799 quandam
1165 2719 1198 2779 'in
1213 2735 1245 2787 25

197 2819 294 2879 verbis
318 2830 348 2879 et
370 2818 512 2880 orationis
534 2820 619 2898 quasi
642 2819 820 2882 maestitiam
845 2831 1027 2897 sequuntur;
1054 2819 1199 2896 quodque

197 2918 288 2992 paulo
304 2926 374 2977 ante
388 2916 550 2991 divisimus,
566 2929 600 2978 ut
613 2918 662 2978 alii
676 2938 778 2996 graves
794 2917 844 2978 alii
858 2929 963 2978 tenues
979 2915 1029 2977 alii
1042 2914 1200 2994 temperati

197 3012 308 3069 vellent
321 3009 422 3082 videri,
444 3022 517 3088 quot
534 3011 703 3073 orationum
721 3032 829 3088 genera
847 3031 912 3071 esse
929 3009 1058 3071 diximus
1071 3008 1199 3069 totidem

198 3117 348 3167 oratorum
363 3107 554 3184 reperiuntur.

153 3168 185 3229 ¹⁷
240 3206 279 3263 Et
300 3203 446 3281 quoniam
470 3205 557 3284 coepi
584 3204 643 3266 iam
671 3205 851 3267 cumulatius
875 3208 933 3266 hoc
958 3224 1067 3264 munus
1091 3223 1200 3282 augere
1213 3218 1246 3268 30

153 3262 186 3310 ⁵⁴
198 3320 288 3377 quam
307 3320 326 3361 a
342 3311 372 3362 te
393 3303 575 3378 postulatum
596 3302 838 3364 est—tibienim
859 3313 976 3363 tantum
997 3304 1037 3363 de
1057 3298 1200 3362 orationis

231 3470 245 3516 7
263 3455 354 3503 eadem
366 3455 449 3518 vulga:
474 3471 506 3505 ea
517 3455 539 3504 L
674 3473 704 3506 ra
720 3458 843 3507 sciscitari
855 3458 922 3521 vulga.
934 3472 941 3504 ε
957 3455 1043 3506 scitari
1055 3455 1078 3504 L
1167 3456 1200 3504 in

197 3519 255 3568 add.
270 3522 336 3582 vulbe.
460 3536 492 3583 ²3
509 3523 536 3570 in
556 3520 615 3572 add.
634 3522 701 3573 codd.
726 3523 782 3573 dett.
905 3536 937 3584 25
954 3521 981 3570 in
1005 3520 1063 3572 add.
1085 3518 1201 3584 Poggius

195 3585 229 3634 06
244 3586 402 3634 maiestatem
415 3585 580 3636 malm'tRet'd
