2588 4178
197 211 237 268 13
491 197 535 256 M.
565 195 694 256 TVLLI
723 194 958 258 CICERONIS

225 372 332 421 ventae
351 372 421 421 sunt
440 359 530 421 adlici
552 359 729 434 debuerunt,
746 361 800 420 sed
821 357 944 420 dicendi
966 377 1088 436 quoque
1106 355 1231 418 incredi-

196 458 277 523 4bili
300 462 430 537 quadarn
452 479 522 519 curn
544 457 717 536 copiatum
738 457 829 518 etiam
853 456 1008 517 suavitate.
1052 457 1124 516 Non
1145 453 1231 534 potui

225 556 312 635 igitur
336 555 391 618 tibi
415 555 533 634 saepius
558 558 617 617 hoc
641 554 757 635 roganti
781 567 812 616 et
834 566 936 616 tamen
958 553 1072 616 verenti
1094 574 1133 614 ne
1157 551 1230 612 mihi

223 655 320 732 gravis
338 654 548 715 esses—facile
568 653 649 716 enim
668 654 699 715 id
721 654 1035 716 cernebam—debere
1054 651 1176 726 diutius,
1191 672 1231 712 ne

224 752 280 830 ipsi
301 751 372 812 iuris
387 751 538 830 interpreti
560 751 622 812 fieri
638 751 788 813 videretur
808 750 923 812 iniuria
968 749 1090 812 Etenim
1111 769 1182 810 cum
1198 760 1257 811 tut

224 848 298 909 mihi
323 848 458 927 meisque
483 850 577 910 multa
601 869 691 928 saepe
715 848 891 928 scripsisses,
914 848 1024 910 veritus
1045 868 1113 909 sum
1135 867 1183 921 ne,
1206 845 1231 906 si

149 977 152 983 ·
224 967 280 1025 ego
294 967 435 1024 gravarer,
451 959 504 1007 aut
518 945 665 1025 ingratum
680 946 712 1008 id
725 958 778 1007 aut
793 947 956 1025 superbum
970 945 1132 1007 videretur.-
1171 947 1232 1006 Sed

224 1047 297 1105 dum
312 1044 423 1105 suimus
437 1065 505 1119 una,
521 1056 554 1104 tu
574 1043 705 1123 optimus
725 1065 757 1106 es
774 1045 858 1106 testis
873 1065 964 1123 quarn
983 1042 1090 1104 fuerim
1104 1062 1232 1120 occupa·

197 1163 210 1214 ⁵
225 1153 273 1203 tus
282 1165 291 1218 3
312 1153 345 1203 ut
364 1154 464 1203 autern
482 1127 550 1202 ate
569 1141 692 1203 discessi
711 1142 743 1202 in
763 1142 920 1203 Graeciam
941 1141 1143 1220 proficiscens,
1160 1160 1231 1209 cum

224 1260 315 1318 opera
329 1260 397 1300 mea
410 1260 467 1301 nec
480 1260 526 1300 res
545 1239 667 1319 publica
680 1260 738 1301 nec
756 1239 846 1301 amici
860 1251 1013 1301 uterentur
1026 1259 1084 1300 nec
1102 1239 1232 1299 honeste
1247 1258 1272 1294 ro

224 1337 301 1398 inter
313 1358 396 1398 arma
409 1337 517 1398 versari
531 1357 710 1416 possemne
724 1337 749 1398 si
764 1350 830 1399 tuto
844 1337 968 1416 quidem
983 1335 1057 1397 mihi
1071 1335 1103 1397 id
1118 1335 1229 1408 liceret,

224 1447 258 1496 ut
276 1435 345 1497 veni
359 1435 477 1496 Veliam
498 1447 610 1513 tuaque
631 1447 661 1496 et
682 1448 750 1497 tuos
764 1435 835 1510 vidi,
850 1435 1024 1497 admonitus
1046 1433 1136 1494 huius
1154 1432 1232 1494 aeris

223 1533 314 1595 alieni
342 1533 425 1594 nolui
453 1535 558 1594 deesse
591 1553 630 1594 ne
660 1533 768 1594 tacitae
796 1533 919 1613 quidem
949 1531 1126 1610 flagitationi
1150 1543 1229 1592 tuae.

226 1632 332 1708 Itaque
359 1634 443 1704 haee,
466 1650 535 1691 cum
561 1651 681 1692 mecum
705 1631 796 1693 libros
821 1652 883 1693 non
909 1633 1059 1703 haberem,
1083 1628 1230 1691 memoria

224 1728 348 1806 repetita
370 1728 401 1787 in
426 1727 491 1806 ipsa
515 1727 704 1805 navigatione
731 1729 895 1808 conscripsi
919 1728 1034 1807 tibique
1062 1748 1099 1789 ex
1123 1726 1229 1789 itinere
1243 1749 1267 1799 1⁵

224 1826 300 1900 misi,
324 1838 357 1887 ut
381 1846 449 1887 mea
473 1824 627 1903 diligentia
651 1828 861 1888 mandatorum
890 1838 1010 1888 tuorum
1038 1837 1068 1887 te
1096 1845 1229 1904 quoque,

224 1923 279 1984 etsi
297 1923 487 1985 admonitore
507 1943 570 1983 non
591 1943 671 2002 eges,
684 1927 724 1985 ad
746 1924 921 1986 memoriam
942 1936 1111 1986 nostrarum
1131 1943 1229 1984 rerum

224 2020 391 2082 excitarem.
435 2022 496 2082 Sed
520 2019 580 2080 iam
605 2031 724 2101 tempus
748 2033 793 2082 est
815 2024 855 2084 ad
880 2021 912 2083 id
936 2023 1021 2101 quod
1045 2020 1229 2081 instituimus

224 2120 376 2180 accedere.

192 2184 212 2313 ἒ
266 2218 343 2278 Cum
366 2214 464 2276 omnis
484 2215 558 2277 ratio
573 2215 699 2295 diligens
718 2216 885 2278 disserendi
904 2218 979 2278 duas
998 2217 1110 2278 habeat
1126 2215 1226 2296 partiS,
1241 2239 1268 2276 ro

223 2334 315 2374 unam
335 2312 509 2374 inveniendi
529 2316 652 2375 alteram
674 2313 836 2388 iudicandi,
852 2314 1007 2393 utriusque
1028 2313 1176 2393 princeps,
1196 2325 1229 2374 ut

224 2411 298 2471 mihi
325 2411 449 2490 quidem
476 2411 601 2486 videtur,
631 2411 807 2473 Aristoteles
835 2411 899 2472 fuit
946 2411 1040 2474 Stoici
1066 2423 1169 2473 autem
1198 2411 1228 2472 in

223 2513 315 2570 altera
333 2510 560 2571 elaboraverunt
570 2532 578 2584 ;
602 2509 756 2571 iudicandi
776 2509 857 2572 enim
873 2510 936 2572 vias
955 2510 1114 2589 diligenter
1132 2529 1230 2588 perse

224 2607 285 2667 cuti
300 2618 369 2668 sunt
384 2627 420 2668 ea
438 2606 563 2667 scientia
582 2628 673 2686 quam
688 2609 865 2686 διαλεκτικὴν
876 2610 1038 2686 appellant,
1054 2607 1228 2670 inveniendi

223 2715 316 2766 artem
335 2725 414 2791 qqae
432 2706 534 2782 τοπικὴ
552 2705 670 2780 dicitur,
687 2726 765 2784 quae
785 2718 815 2768 et
835 2708 876 2767 ad
894 2726 983 2766 usum
1004 2705 1104 2784 potior
1122 2717 1185 2767 erat
1199 2717 1230 2766 et
1244 2723 1269 2774 rs

197 2803 328 2882 7ordine
343 2815 465 2868 naturae
479 2815 560 2864 certe
578 2803 665 2882 prior,
683 2816 777 2865 totam
797 2805 988 2883 reliquemnt.
1032 2806 1098 2865 Nos
1116 2816 1227 2877 autem,

223 2900 367 2979 quoniam
394 2901 427 2961 in
448 2912 574 2980 utraque
603 2922 720 2963 summa
744 2902 855 2963 utilitas
880 2913 926 2963 est
954 2912 984 2963 et
1010 2913 1177 2980 utramque,
1204 2901 1229 2963 si

222 2999 278 3060 erit
312 2998 415 3075 otium,
445 2999 587 3078 persequi
619 3000 793 3078 cogitamus,
823 3002 863 3062 ab
896 3020 932 3061 ea
962 3019 1041 3077 quae
1071 2999 1152 3079 prior
1183 3012 1230 3061 est

223 3097 380 3158 ordiemur.
417 3099 466 3158 ·Vt
484 3097 572 3176 igitur
594 3118 696 3159 earum
718 3119 816 3160 rerum
840 3118 918 3176 quae
940 3096 1137 3159 absconditae
1159 3110 1230 3159 sunt

223 3197 428 3256 demonstrato
450 3208 480 3256 et
504 3206 609 3257 notato
634 3198 702 3257 loco
727 3196 821 3256 facilis
842 3194 977 3257 inventio
1000 3206 1055 3268 est,
1080 3194 1135 3271 sic,
1158 3216 1227 3257 curn
1240 3219 1270 3267 30

222 3291 419 3372 pervestigare
446 3304 655 3371 argumentum
688 3293 810 3373 aliquod
844 3296 991 3367 volumus,
1021 3294 1105 3354 locos
1138 3314 1229 3355 nosse

221 3390 368 3452 debemus
378 3413 387 3466 3
408 3390 451 3452 sic
465 3390 546 3451 enim
565 3393 731 3470 appellatae
749 3392 789 3453 ab
803 3391 964 3454 Aristotele
984 3401 1055 3452 sunt
1074 3411 1129 3453 eae
1142 3392 1229 3471 quasi

353 3561 386 3595 ao
402 3547 482 3609 panis
493 3548 561 3612 vulg.
576 3565 582 3597 :
598 3547 662 3597 artis
673 3546 730 3596 Aa²
848 3563 880 3613 ²5
897 3563 1016 3613 quaeque
1028 3554 1055 3598 et
1066 3546 1093 3596 A
