2588 4178
178 192 202 268 6
218 233 246 284 19
483 208 527 266 M.
555 207 683 266 rvum
714 205 947 267 crcxxoms

209 373 376 435 serviendo.
424 372 584 434 Probabile
611 382 712 434 autem
736 392 833 450 genus¹
858 381 903 432 est
928 369 1078 444 orationis,
1103 369 1128 431 si
1154 390 1218 430 noo

213 466 302 527 nimis
325 478 370 528 est
392 476 547 544 comptum
572 477 663 542 atque
685 465 858 542 expolitum,
881 463 906 524 si
930 475 976 525 est
997 463 1157 525 auctoritas
1180 483 1218 524 ac

212 567 332 642 pondus
350 563 382 623 in
398 562 504 637 verbis,
520 562 545 624 si
563 562 728 624 sententiae
744 564 791 624 vel
810 582 913 641 graves
929 564 976 623 vel
995 573 1083 641 aptae
1102 561 1218 640 opinio

167 680 199 716 20
212 662 300 722 nibus
319 661 476 722 hominum
495 681 531 722 ac
550 660 691 721 moribus
736 659 873 721 Inlustris
892 671 937 720 est
950 671 1051 720 autem
1071 658 1176 733 oratio,
1193 658 1218 719 si

212 771 242 820 et
255 758 346 820 verba
363 758 505 838 gravitate
522 761 639 820 delecta
653 771 806 836 ponuntur
820 770 850 818 et
864 759 1005 818 translata
1022 768 1052 818 et
1066 758 1218 834 supralata
1230 778 1243 829 ⁵

212 860 303 918 etad
327 877 439 918 nornen
462 856 604 918 adiuncta
632 868 661 918 ct
686 855 837 934 duplicata
862 865 891 916 et
915 855 997 916 idem
1019 841 1219 933 significantia

211 964 301 1033 atque
321 955 361 1015 ab
381 953 446 1032 ipsa
466 955 584 1015 actione
607 967 698 1033 atque
719 953 886 1014 imitatione
906 973 1004 1013 rerum
1026 972 1088 1013 non
1109 953 1218 1013 abhor-

210 1051 312 1112 rentia.
356 1054 411 1112 Est
429 1051 510 1114 enim
530 1054 604 1113 haec
623 1072 690 1130 pars
709 1050 860 1124 orationis,
876 1070 954 1128 quae
971 1071 1034 1111 rem
1054 1049 1217 1110 constituat

210 1168 307 1226 paene
325 1161 394 1210 ante
415 1152 519 1210 oeulos
529 1172 538 1224 3
562 1149 586 1210 is
608 1149 688 1210 enim
708 1148 836 1209 maxime
857 1168 962 1208 sensus
981 1146 1142 1226 attingitur,
1162 1150 1216 1209 sed

210 1258 240 1308 et
260 1246 350 1308 ceteri
363 1258 464 1308 tamen
484 1259 514 1308 et
531 1247 659 1308 maxime
680 1266 765 1307 mens
786 1245 851 1324 ipsa
872 1245 984 1306 moveri
1003 1256 1111 1322 potest.
1155 1248 1215 1307 Sed
1231 1261 1259 1296 ¹0

210 1364 287 1422 quae
309 1342 390 1404 dicta
414 1355 483 1405 sunt
504 1346 543 1405 de
567 1344 701 1405 oratione
725 1343 865 1416 dilucida,
888 1345 1001 1404 cadunt
1021 1343 1053 1402 in
1074 1344 1153 1402 hanc
1175 1342 1217 1402 in-

209 1443 331 1502 lustrem
354 1442 464 1503 omnia.
511 1444 566 1502 Est
594 1441 674 1513 enim
699 1443 766 1518 plus
793 1440 949 1518 aliquanto
976 1440 1099 1501 inlustre
1124 1460 1216 1518 quam
1258 1428 1261 1432 ’

209 1538 283 1601 illud
298 1539 472 1600 dilucidum.
515 1541 619 1600 Altero
634 1541 667 1599 fit
681 1550 714 1599 ut
728 1539 943 1615 intellegamus,
959 1540 1052 1598 altero
1067 1550 1100 1598 ut
1114 1537 1216 1598 videre

167 1659 195 1696 21
210 1635 371 1697 videamur.
419 1638 515 1697 Suave
539 1647 640 1696 autem
665 1655 758 1714 genus
781 1635 835 1695 erit
858 1634 980 1696 dicendi
1004 1634 1134 1712 primum
1160 1636 1217 1695 ele-

210 1732 310 1812 gantia
324 1744 354 1793 et
364 1732 549 1794 iucunditate
562 1734 721 1794 verborum
736 1733 906 1793 sonantium
921 1743 951 1793 et
962 1732 1086 1793 levium:
1104 1731 1216 1792 deinde
1232 1752 1258 1800 15

211 1829 432 1903 coniunctione,
449 1850 526 1907 quae
545 1850 644 1908 neque
665 1850 786 1906 asperos
807 1829 917 1890 habeat
933 1849 1097 1891 concursus
1116 1850 1217 1908 neque

212 1926 362 1988 diiunctos
380 1939 470 2005 atque
491 1926 600 1987 hiantis
622 1939 651 1987 et
671 1927 708 1987 sit
726 1926 950 2003 circumscripta
970 1947 1032 1986 non
1053 1928 1145 2004 longo
1166 1946 1218 1986 an-

211 2025 305 2084 fractu
325 2027 378 2086 sed
397 2027 436 2085 ad
456 2024 590 2103 spiritum
608 2024 690 2085 vocis
709 2036 780 2103 apto
799 2023 968 2100 habeatque
987 2022 1215 2084 similitudinem

211 2122 481 2199 aequalitatemque
495 2122 662 2195 verborum,
678 2142 748 2183 cum
763 2143 799 2182 ex
813 2120 966 2182 contrariis
984 2132 1103 2198 sumpta
1116 2121 1216 2182 verbis

210 2220 301 2280 verba
315 2214 434 2297 paribus
453 2219 535 2298 paria
553 2221 754 2297 respondeant
768 2222 919 2295 relataque
935 2220 975 2278 ad
992 2217 1073 2278 idem
1089 2219 1215 2278 verbum
1229 2238 1259 2273 πο

211 2326 240 2376 et
257 2317 407 2394 geminata
424 2337 459 2377 ac
477 2317 628 2394 duplicata
642 2320 688 2378 vel
703 2317 792 2377 etiam
810 2315 927 2393 saepius
947 2314 1052 2375 iterata
1064 2327 1217 2394 ponantur

211 2413 453 2490 constructioque
463 2414 622 2474 verborum
633 2424 697 2473 tum
708 2411 971 2491 coniunctionibus
983 2412 1139 2487 copuletur
1150 2422 1216 2471 tum

167 2527 196 2562 ²²
210 2509 456 2570 dissolutionibus
479 2509 564 2602 quasi
586 2511 738 2570 relaxetur.
786 2508 852 2569 Fiet
876 2507 966 2568 etiarn
989 2507 1087 2568 suavis
1109 2508 1214 2582 oratio,

210 2628 280 2668 cum
298 2607 412 2685 aliquid
425 2618 477 2667 aut
489 2606 664 2667 inusitatum
685 2619 736 2667 aut
746 2605 914 2667 inauditum
928 2617 980 2666 aut
994 2625 1106 2666 novum
1121 2606 1213 2667 dicas.

211 2707 349 2766 Delectat
368 2703 457 2765 etiam
477 2703 620 2782 quicquid
641 2714 686 2765 est
707 2703 882 2765 admirabile
903 2702 1092 2781 maximeque
1113 2717 1216 2766 movet
1229 2721 1258 2771 25

211 2823 247 2863 ea
268 2822 346 2880 quae
364 2813 480 2862 motum
499 2802 629 2880 aliquem
649 2800 756 2862 animis
775 2800 833 2860 ciet
855 2800 949 2860 oratio
970 2801 1215 2879 quaequesigni-

211 2901 280 2960 ficat
301 2899 424 2959 oratoris
445 2898 537 2976 ipsius
561 2898 697 2959 amabilis
722 2918 819 2958 mores
829 2919 837 2972 3
865 2897 916 2975 qui
938 2897 1143 2975 exprimuntur
1163 2911 1215 2960 aut

210 2995 358 3074 signando
382 2995 494 3057 iudicio
516 2995 608 3074 ipsius
633 3007 663 3056 et
687 2995 788 3056 animo
811 2998 945 3055 humano
969 3014 1004 3054 ac
1027 2994 1141 3055 liberali
1162 3007 1215 3056 aut

211 3093 370 3154 inflexione
395 3093 540 3155 sermonis
564 3093 589 3154 si
613 3106 665 3154 aut
686 3092 815 3171 augendi
839 3091 958 3152 alterius
983 3103 1034 3152 aut
1057 3092 1214 3153 minuendi

244 3261 259 3307 5
277 3254 303 3295 et
320 3248 449 3310 supralata
466 3266 516 3298 om.
537 3248 563 3297 P
660 3265 674 3311 7
692 3257 769 3312 atque
788 3248 930 3296 imitatione
951 3263 1000 3297 om.
1022 3247 1049 3296 P
1066 3245 1133 3295 codd.
1154 3248 1212 3300 dett.

212 3312 343 3372 (Frr'cdn'ch
355 3316 446 3376 confert
456 3315 540 3377 Qm'nt.
553 3313 604 3364 viii.
617 3330 640 3376 3.
654 3317 699 3377 43)
819 3329 835 3375 9
853 3314 875 3362 is
886 3314 953 3376 vulg.
965 3330 972 3363 z
990 3313 1022 3362 iis
1034 3312 1071 3361 P:
1090 3312 1132 3361 his
1143 3313 1211 3364 codd.

214 3394 241 3427 11
261 3386 321 3426 sunt
332 3379 421 3428 om.P
525 3395 554 3440 14
573 3380 782 3441 primumsom?
878 3395 911 3427 20
928 3376 1054 3427 verbaP:
1122 3380 1214 3429 crebra

211 3444 309 3492 crebris
326 3445 392 3508 vulga
515 3461 547 3506 24
564 3445 713 3494 inusitatum
731 3445 797 3506 vulg.
810 3443 947 3492 :invisum
965 3450 1036 3491 tuum
1051 3441 1120 3491 codd.
1137 3443 1212 3494 dect:

211 3516 282 3558 tuum
294 3507 321 3556 P
427 3511 459 3557 26
475 3511 568 3559 animis
578 3511 631 3559 ciet
641 3510 783 3560 Friedrich:
800 3507 880 3557 animi
893 3509 944 3558 ciet
955 3509 1066 3557 Mdllcr:
1082 3509 1213 3560 animiscit

211 3573 238 3621 P
243 3590 249 3623 ε
268 3574 347 3622 animi
358 3575 448 3625 miscet
460 3575 528 3638 vulg.
