2588 4178
161 199 224 273 837
460 199 504 258 M.
532 197 661 258 TVLLI
690 196 923 259 CICERONIS

192 384 228 425 ea
247 383 317 424 cum
338 362 478 424 redierint
498 375 567 441 post
587 365 627 424 ad
647 363 728 424 idem
749 362 849 435 limen,
870 361 1055 440 postliminio
1076 362 1189 423 redisse

192 462 356 524 videantur.
414 465 485 540 Quo
518 483 626 540 genere
660 462 750 523 etiam
780 461 916 523 Mancini
944 468 1033 522 causa
1066 461 1189 522 defendi

191 572 298 639 potest,
327 560 511 638 postliminio
538 559 668 635 redisse;
702 560 838 621 deditum
863 579 925 621 non
948 579 1021 632 esse,
1045 558 1189 637 quoniam

191 679 253 718 non
267 658 305 718 sit
318 670 473 736 receptus;
493 678 563 718 nam
573 678 673 736 neque
683 649 870 719 deditionem
881 677 979 735 neque
993 657 1190 718 donationem

192 755 256 816 sine
269 752 444 834 acceptione
458 755 588 833 intellegi
602 775 699 834 posse.
1204 765 1217 814 5

193 859 195 863 ’
233 849 373 928 Sequitur
386 849 410 910 is
431 852 524 924 locus,
540 849 592 927 qui
606 861 723 911 constat
742 869 778 910 ex
792 849 835 910 eis
853 849 941 910 rebus
961 868 1038 927 quae
1055 850 1190 926 quodam

192 949 285 1009 modo
303 949 438 1008 adfectae
456 959 525 1008 sunt
544 949 583 1008 ad
603 946 633 1008 id
648 949 687 1008 de
704 967 766 1025 quo
784 945 944 1024 ambigitur
954 969 962 1021 ;
983 967 1074 1024 quem
1096 947 1191 1007 modo

191 1045 252 1106 dixi
273 1044 303 1105 in
324 1047 423 1124 plures
441 1058 539 1123 partes
560 1044 760 1106 distributum.
803 1043 897 1106 Cuius
914 1056 959 1104 est
973 1044 1086 1121 primus
1106 1046 1192 1104 locus

191 1136 228 1204 ex
248 1141 466 1221 coniugatione,
487 1163 578 1220 quam
595 1139 727 1224 [Graeci]
748 1143 885 1224 συζυγίαν
904 1152 1024 1216 vocant,
1035 1140 1192 1202 'finitimus

192 1240 346 1314 notationi,
363 1242 402 1301 de
422 1261 482 1318 qua
503 1242 595 1301 modo
610 1239 725 1301 dictum
744 1252 807 1316 est;
828 1251 869 1313 ut,
890 1240 915 1300 si
933 1259 1043 1317 aquarn
1058 1239 1191 1317 pluviam
1208 1268 1234 1302 ιο

191 1358 257 1399 eam
273 1340 365 1398 modo
379 1337 616 1416 intellegeremus
625 1359 715 1416 quam
730 1338 818 1398 imbri
832 1340 1000 1399 conlectam
1011 1336 1190 1410 videremus,

191 1430 304 1492 veniret
326 1430 454 1504 Mucius,
471 1430 531 1509 qui,
548 1430 618 1509 quia
638 1431 798 1509 coniugata
813 1432 909 1495 verba·
924 1441 1023 1491 essent
1041 1428 1143 1508 pluvia
1162 1442 1194 1498 et

192 1530 333 1607 pluendo,
370 1527 482 1590 diceret
516 1548 639 1601 omnem
672 1548 782 1606 aquam
817 1539 954 1606 oportere
988 1527 1079 1588 arceri
1113 1548 1191 1605 quae

149 1653 181 1704 39
193 1626 326 1704 pluendo
353 1624 499 1686 crevisset.
552 1627 631 1687 Cum
655 1638 757 1686 autem
781 1624 799 1685 a
819 1645 927 1702 genere
955 1625 1081 1688 ducetur
1107 1644 1192 1703 argu-

193 1735 336 1798 mentum,
365 1743 427 1783 non
455 1722 509 1784 erit
533 1743 656 1784 necesse
682 1722 714 1784 id
738 1711 834 1800 usque
861 1743 880 1783 a
907 1722 1004 1800 capite
1031 1742 1188 1783 arcessere.
1206 1753 1233 1801 15

192 1823 287 1899 Saepe
302 1820 392 1881 etiam
408 1819 481 1881 citra
495 1820 571 1894 licet,
588 1822 662 1881 dum
682 1823 775 1882 modo
796 1840 890 1898 supra
905 1820 943 1880 sit
957 1822 1040 1898 quod
1054 1819 1192 1894 sumitur,

192 1939 283 1996 quam
302 1917 334 1978 id
354 1919 394 1978 ad
414 1920 498 1996 quod
519 1917 663 1994 sumitur3
680 1930 720 1978 ut
741 1938 820 1996 aqua
840 1916 941 1996 pluvia
957 1917 1064 1978 ultimo
1083 1937 1192 1996 genere

193 2037 228 2076 ea
244 2028 289 2086 est
304 2036 381 2094 quae
395 2017 434 2076 de
451 2018 535 2076 caelo
549 2015 672 2097 veniens
691 2015 796 2076 crescit
811 2015 907 2088 imbri,
917 2016 977 2076 sed
996 2015 1143 2093 propiore,
1161 2017 1191 2076 in

192 2135 254 2193 quo
275 2113 360 2191 quasi
378 2112 424 2174 ius
444 2113 566 2175 arcendi
586 2114 763 2187 continetur,
787 2110 893 2195 [genus
912 2123 957 2173 est
970 2133 1056 2190 ¹aqua
1075 2110 1190 2195 pluvia]

192 2218 322 2282 nocens:
353 2211 555 2288 eius'generis
579 2213 691 2272 formae
715 2211 774 2272 loci
797 2209 870 2271 vitio
894 2220 924 2271 et
947 2230 1038 2270 manu
1065 2231 1189 2284 nocens,
1206 2235 1236 2270 ιο

192 2328 317 2387 quarum
338 2311 429 2369 altera
450 2308 569 2369 iubetur
586 2309 625 2369 ab
646 2308 756 2370 arbitro
773 2307 903 2368 coerceri
919 2309 1012 2368 altera
1028 2328 1092 2368 non
1110 2307 1191 2369 iube-

147 2445 180 2491 40
193 2420 247 2468 tur.
291 2408 461 2469 Commode
475 2406 565 2466 etiam
583 2417 724 2467 tractatur
738 2408 813 2467 haec
831 2405 1049 2482 argumentatio
1061 2425 1143 2484 vquae
1157 2427 1193 2466 ex

191 2525 299 2583 genere
314 2504 447 2578 sumitur,
463 2524 533 2564 cum
554 2525 590 2565 ex
605 2515 669 2565 toto
690 2503 781 2581 partis
802 2524 980 2582 persequare
1002 2506 1061 2564 hoc
1080 2506 1193 2564 modo:

192 2601 224 2663 Si
251 2604 339 2663 dolus
367 2605 463 2662 malus
491 2613 544 2674 est,
575 2622 644 2662 cum
672 2602 754 2662 aliud
782 2601 878 2679 agitur
909 2601 992 2661 aliud
1025 2601 1190 2675 simulatur,

192 2720 366 2761 enumerare
388 2699 457 2760 licet
482 2700 591 2778 quibus
619 2698 651 2760 id
680 2698 778 2760 modis
806 2701 866 2772 fiat,
891 2698 1003 2760 deinde
1030 2698 1061 2759 in
1087 2719 1191 2760 eorum
1206 2721 1237 2770 ²5

192 2798 323 2876 aliquem
338 2797 369 2857 id
384 2800 467 2875 quod
484 2817 588 2875 arguas
603 2798 674 2858 dolo
694 2799 773 2857 malo
789 2798 902 2857 sactum
917 2796 1088 2872 includere;
1109 2799 1193 2875 quod

194 2915 288 2972 genus
302 2894 468 2972 argumenti
483 2893 631 2972 inprimis
646 2896 764 2954 firmum
778 2893 872 2954 videri
887 2896 970 2954 solet.

236 2991 406 3053 Similitudo
431 2990 570 3069 sequitur,
598 3012 676 3069 quae
700 2994 760 3052 late
783 3003 873 3069 patet,
899 2993 953 3053 sed
976 2992 1143 3054 oratoribus
1165 3004 1195 3053 et

195 3088 381 3169 philosophis
395 3089 488 3167 magis
504 3109 594 3166 quam
609 3089 703 3150 vobis.
747 3088 812 3149 Etsi
826 3088 906 3149 enim
926 3109 1031 3151 omnes
1051 3090 1110 3151 loci
1124 3103 1194 3150 sunt

195 3187 330 3248 omnium
345 3186 584 3267 disputationum·
595 3188 635 3246 ad
654 3198 828 3263 argumenta
847 3186 1075 3265 suppeditanda,
1092 3198 1194 3249 tamen
1210 3221 1241 3269 ³0

194 3285 259 3345 aliis
273 3283 525 3363 disputationibus
546 3282 749 3344 abundantius
768 3297 928 3346 occurrunt
946 3284 1011 3345 aliis
1028 3285 1193 3364 angustius

147 892 178 953 3⁸

145 2965 181 3008 10

148 3055 177 3105 4¹

227 3441 442 3503 9c0niunctione
467 3433 580 3492 AabcLB
667 3439 825 3490 Graeciam.
840 3438 907 3489 codd.
929 3439 1017 3503 plum:
1041 3439 1095 3490 secl.
1119 3437 1200 3489 Orelli

194 3509 380 3622 infligam
408 3503 459 3567 Os:
488 3505 574 3565 iugata
592 3504 659 3554 codd.
795 3521 825 3566 19
853 3520 960 3567 genus.
981 3540 987 3554 .
1007 3541 1014 3556 .
1034 3504 1121 3568 pluvia
1143 3506 1195 3555 secl.

218 3589 250 3621 ne
269 3589 302 3619 nc
