2588 4178
111 207 132 266 4
150 218 180 268 ²4
400 194 443 252 M.
473 192 600 252 TVLLI
630 190 863 253 CICERONIS

144 396 180 437 ea
202 375 330 436 maxime
354 397 390 436 ex
414 373 590 436 auctoritate
612 375 769 434 ducuntur.
814 375 921 451 Itaque
945 373 1054 435 Graeci
1077 374 1142 436 talis

144 474 415 551 argumentationes
434 475 565 553 ἀτέχνους
578 470 700 544 vocant,
712 469 742 532 id
764 482 809 532 est
827 471 897 532 artis
918 471 1058 551 expertis,
1071 484 1104 533 ut
1118 473 1143 533 si

145 569 185 630 ita
199 572 397 648 respondeas:
420 570 574 648 Quoniam
595 572 627 629 P.
643 571 786 630 Scaevola
804 568 835 629 id
850 571 948 630 solum
968 590 1033 631 esse
1050 571 1144 631 ambi-

144 680 192 728 tus
212 669 332 729 aedium
354 669 467 742 dixerit,
483 671 566 747 quod
587 667 706 746 parietis
723 666 892 728 communis
911 668 1032 746 tegendi
1054 690 1144 730 causa

144 778 256 827 tectum
284 767 472 845 proiceretur,
496 787 532 827 ex
556 787 618 844 quo
640 778 720 826 tecto
743 765 775 825 in
803 765 867 826 eius
890 766 974 828 aedis
999 766 1051 844 qui
1079 781 1170 848 pros

144 863 264 925 texisset
278 886 356 943 aqua
371 867 522 938 deflueret,
538 865 570 925 id
584 865 638 925 tibi
653 863 698 924 ius
712 863 814 925 videri.

98 976 128 1026 ²5
186 961 245 1022 His
264 962 350 1040 igitur
368 963 442 1023 locis
461 963 513 1041 qui
532 976 601 1023 sunt
620 961 746 1039 expositi
764 964 803 1022 ad
822 959 1144 1042 Omne-argumentum

143 1061 351 1138 reperiendum
380 1073 534 1138 tamquam
567 1057 722 1121 elementis
755 1060 937 1138 quibusdam
965 1061 1145 1140 significatio

143 1171 173 1219 et
200 1159 416 1219 demonstratio
441 1156 492 1239 [ad
519 1156 740 1239 reperiendum]
772 1160 866 1220 datur.
920 1163 1027 1221 Vtrum
1056 1159 1167 1237 igiturv

144 1259 288 1317 hactenus
309 1256 379 1316 satis
400 1259 466 1316 est?
506 1255 577 1317 Tibi
594 1255 717 1334 quidem
736 1267 796 1316 tarn
816 1269 905 1318 acuto
923 1270 953 1318 et
972 1269 1034 1318 tam
1056 1279 1145 1319 occu·
1159 1275 1185 1310 10

113 1373 133 1434 5
145 1366 216 1431 pato
230 1365 312 1431 puto.
348 1355 408 1414 Sed
422 1353 565 1431 quoniam
579 1353 700 1414 aridum
715 1353 869 1415 hominem
884 1357 923 1416 ad
937 1357 992 1416 has
1005 1355 1144 1417 discendi

145 1455 247 1529 epulas
262 1452 367 1528 recepi,
385 1451 426 1512 sic
440 1451 594 1528 accipiam,
610 1465 643 1512 ut
657 1451 846 1536 reliquiarum
862 1452 900 1512 sit
914 1453 1014 1531 potius
1028 1454 1143 1531 aliquid

100 1556 235 1627 adquam
250 1561 279 1610 te
294 1549 364 1610 hine
378 1549 472 1626 patiar
486 1569 548 1609 non
562 1549 700 1609 satiatum
720 1549 881 1610 discedere.
926 1552 1059 1628 Quando
1073 1572 1144 1630 ergo

144 1668 221 1708 unus
243 1647 370 1725 quisque
392 1667 496 1708 eorum
517 1650 652 1708 locorum
674 1667 750 1725 quos
771 1648 894 1726 exposui
918 1669 972 1709 sua
993 1652 1142 1727 quaedam

144 1746 234 1805 habet
255 1745 398 1818 membra,
413 1765 449 1805 ea
469 1765 560 1822 quam
581 1744 774 1806 subtilissime
794 1749 1014 1824 persequamur,
1036 1759 1067 1807 et
1088 1747 1144 1825 pri-
1158 1766 1183 1815 ¹⁵

144 1863 226 1901 mum
241 1845 279 1903 de
293 1842 358 1920 ipsa
372 1841 547 1903 definitione
562 1842 684 1903 dicatur.
727 1843 872 1904 Definitio
890 1855 935 1904 est
949 1843 1053 1918 orati0,
1065 1866 1144 1923 quae

143 1940 174 2000 id
199 1941 281 2018 quod
300 1939 440 2000 definitur
464 1939 589 2017 explicat
609 1939 682 2017 quid
703 1940 748 2001 sit.
802 1940 1020 2003 Definitionum
1041 1955 1143 2004 autem

144 2039 206 2098 duo
219 2058 327 2115 genera
341 2037 453 2115 prima:
475 2058 569 2097 unum
589 2058 690 2098 earum
709 2059 807 2100 rerum
826 2059 904 2116 quae
923 2051 1000 2112 sunt,
1016 2042 1143 2101 alterum

100 2152 130 2205 η
144 2155 245 2197 earum
279 2156 355 2212 quae
388 2135 606 2213 intelleguntur.
667 2139 742 2197 Esse
775 2157 811 2196 ea
845 2136 915 2197 dico
949 2155 1032 2214 quae'
1061 2139 1143 2199 cerni

144 2232 284 2311 tangique
306 2244 439 2310 possunt,
462 2245 494 2293 ut
515 2235 643 2294 fundum
664 2236 763 2308 aedes,
783 2234 926 2311 parietem
948 2233 1143 2312 stillicidium,
1157 2252 1185 2286 ²0

145 2330 327 2408 mancipium
349 2332 506 2409 pecudem,
529 2331 744 2409 supellectilem
768 2351 864 2411 penus
889 2343 919 2392 et
939 2344 1056 2409 cetera;
1082 2354 1143 2412 quo

143 2450 300 2508 exgenere
320 2431 468 2506 quaedam
488 2429 637 2490 interdum
653 2429 738 2491 vobis
757 2427 930 2490 definienda
948 2442 1027 2490 sunt.
1072 2433 1144 2493 Non

143 2548 209 2588 esse
223 2548 321 2587 rursus
341 2548 376 2587 ea
395 2527 464 2588 dico
479 2549 555 2605 quae
570 2528 649 2606 tangi
669 2527 904 2589 demonstrarive
925 2548 987 2589 non
1006 2543 1141 2607 possunt,

143 2625 224 2686 cerni
252 2637 352 2686 tamen
380 2625 482 2686 animo
509 2638 599 2704 atque
627 2625 758 2704 intellegi
790 2637 923 2704 possunt,
954 2637 987 2686 ut
1015 2625 1040 2686 si
1072 2647 1143 2688 usus

142 2723 308 2802 capionem,
333 2723 358 2783 si
386 2726 518 2798 tutelam,
544 2724 568 2783 si
591 2735 720 2802 gentem,
744 2723 769 2783 si
793 2723 984 2801 agnationem
1007 2724 1142 2798 definias,
1159 2742 1187 2792 ²5

143 2842 267 2899 quarum
294 2842 390 2882 rerum
420 2824 535 2881 nullum
560 2823 664 2882 subest
689 2818 799 2903 [quasi]
825 2841 942 2899 corpus,
969 2833 1014 2882 est
1042 2834 1144 2883 tamen

143 2922 291 2997 quaedam
319 2919 518 2979 conformatio
544 2918 684 2997 insignita
711 2928 741 2979 et
765 2918 908 2995 impressa
932 2919 1145 2998 intellegentia,

143 3003 233 3095 quam
255 3017 409 3076 notionem
432 3037 516 3078 voco.
560 3019 606 3076 Ea
626 3036 715 3094 saepe
735 3016 767 3076 in
786 3019 1024 3094 argumentando
1041 3019 1146 3079 defini·

98 3122 130 3172 28
142 3116 224 3175 tione
245 3115 421 3191 explicanda
441 3126 493 3175 est.
536 3117 638 3192 Atque
655 3114 745 3175 etiam
765 3114 955 3175 definitiones
976 3115 1052 3176 aliae
1073 3128 1144 3176 sunt

142 3212 334 3291 partitionum
361 3212 436 3272 aliae
464 3212 664 3286 divisionum,
698 3211 898 3290 partitionum,
929 3233 998 3273 cum
1029 3234 1076 3274 res
1108 3235 1144 3275 ea
1158 3233 1190 3283 30

174 3369 277 3430 qquod
299 3369 388 3431 vulga:
415 3377 536 3430 quantum
562 3367 610 3415 OB
630 3383 661 3415 ex
680 3368 798 3416 Boethio:
827 3383 878 3430 quo
900 3368 935 3418 d:
966 3370 1051 3431 quoad
1072 3369 1145 3419 Valla

139 3448 158 3496 >5
175 3442 242 3483 tecto
257 3434 283 3481 in
300 3435 356 3482 eius
372 3433 506 3482 Boethius:
525 3435 551 3481 in
567 3441 661 3482 tectum
676 3433 733 3482 eius
745 3432 812 3482 codd.
929 3437 945 3483 8
962 3437 1144 3497 reperiendum

142 3515 191 3549 om.
205 3499 273 3548 codd.
288 3498 312 3546 Ο
398 3500 463 3560 9ad
482 3499 663 3560 reperiendum
674 3515 724 3548 om.
738 3498 762 3546 Ο
843 3514 875 3548 ao
891 3498 1027 3561 tangiveA
1111 3504 1145 3550 ²6

141 3579 248 3627 quarum
265 3563 354 3613 codd:
372 3564 484 3625 qualium
502 3563 525 3611 Α
642 3565 715 3625 quasi
733 3564 778 3614 del.
795 3563 891 3613 Proust
1019 3581 1050 3628 ²7
1068 3565 1144 3616 intel-

141 3630 261 3694 ligentiae
275 3628 314 3677 0:
332 3630 357 3678 in
370 3629 548 3691 intellegentia
559 3628 626 3693 vulg.
