2588 4178
359 222 647 284 PARTITIONES
677 221 930 282 ORATORIAE
1118 234 1192 294 1137

145 402 251 464 aestas,
274 402 324 451 aut
341 390 412 450 anni
432 402 574 468 tempora,
596 400 628 450 ut
649 389 768 462 mensis,
791 399 824 449 ut
845 389 919 462 dies,
942 399 974 448 u't
995 407 1055 447 nox
1074 388 1147 449 hora

146 499 316 566 tempestas,
342 508 420 566 quae
443 499 513 548 sunt
537 487 699 562 naturalia3
729 486 849 548 fortuita
868 497 969 547 autem
994 484 1144 558 sacrificia,

145 585 213 646 festi
235 585 308 660 dies,
327 586 456 666 nuptiae.
502 589 567 646 Iam
589 587 667 647 sacta
687 597 718 646 et
739 596 863 646 eventus
882 595 934 644 aut
950 582 1056 644 consili
1078 594 1146 643 sunt
1160 578 1192 642 ³⁸

145 693 198 745 aut
225 683 451 761 imprudentiae,
481 703 559 762 quae
587 695 631 745 est
658 694 710 744 aut
737 683 768 743 in
793 703 863 744 casu
886 692 938 742 aut
961 680 993 741 in
1015 683 1146 759 quadarn

117 775 239 848 5animi
257 777 463 854 permotione3
483 798 563 851 casu,
579 798 648 838 cum
667 777 751 837 aliter
769 775 879 837 cecidit
897 795 987 853 quam
1009 785 1145 852 putatum

146 885 211 949 est;
230 874 426 952 permotione,
442 895 511 936 cum
525 886 577 937 aut
591 874 703 936 oblivio
716 886 768 935 aut
782 895 861 935 error
875 885 926 933 aut
939 872 1039 950 aliqua
1049 883 1147 932 metus

145 983 197 1032 aut
220 973 390 1050 cupiditatis
410 993 500 1035 causa
521 972 674 1052 permovit.
718 972 762 1032 Sit
782 971 872 1032 etiam
894 970 925 1030 in
946 969 1148 1048 imprudentia

145 1069 307 1131 necessitas
328 1073 476 1148 ponenda.
522 1073 634 1131 Rerum
654 1080 756 1131 autem
778 1069 926 1129 bonarum
948 1079 978 1128 et
1002 1070 1145 1127 malarum

146 1164 202 1225 tria
217 1186 325 1245 genera
344 1180 414 1228 sunt
424 1191 432 1242 3
452 1188 522 1228 nam
541 1179 593 1227 aut
607 1168 638 1227 in
656 1166 764 1227 animis
783 1178 834 1227 aut
853 1165 884 1225 in
903 1165 1077 1243 corporibus
1095 1177 1147 1225 aut

100 1281 133 1318 10
146 1274 228 1323 extra
251 1283 316 1324 esse
344 1277 477 1343 possunt.
522 1267 591 1325 Hac
618 1264 706 1343 igitur
730 1263 852 1324 materie
874 1265 914 1322 ad
938 1267 1145 1340 argumentum

147 1359 281 1421 subiecta
301 1365 525 1440 perlustrandae
541 1347 643 1423 animo
662 1373 759 1440 partes
778 1372 865 1421 erunt
883 1380 988 1420 omnes
1007 1361 1093 1420 etad
1115 1359 1146 1421 id

146 1460 229 1535 quod
250 1470 353 1537 agetur
374 1482 409 1522 ex
430 1461 553 1538 singulis
577 1459 749 1521 coniectura
771 1458 924 1536 capienda
978 1460 1032 1518 Est
1056 1457 1144 1518 etiam
1159 1470 1191 1524 39

144 1576 240 1633 genus
256 1572 498 1637 argumentorum
515 1559 598 1621 aliud
616 1561 700 1636 quod
719 1579 755 1619 ex
773 1557 843 1617 facti
862 1556 992 1635 vestigiis
1011 1555 1144 1630 sumitur,

145 1665 179 1714 ut
193 1657 287 1716 telum
301 1678 387 1718 cruor
401 1661 514 1721 clamor
528 1655 673 1739 [auditus]
688 1655 828 1717 titubatio
838 1653 1018 1732 permutatio
1028 1653 1145 1727 coloris,

100 1772 129 1822 15
146 1751 242 1814 oratio
274 1754 456 1830 inconstans,
488 1768 599 1817 tremor
631 1752 771 1837 [eorum],
799 1752 926 1814 aliorum
957 1751 1030 1830 quid
1063 1752 1146 1829 quod

144 1869 235 1911 sensu
249 1852 361 1930 percipi
376 1853 488 1930 possit3
509 1853 609 1928 etiam,
625 1853 650 1913 si
664 1864 870 1930 praeparatum
883 1849 1005 1928 aliquid,
1022 1849 1047 1910 si
1066 1868 1146 1909 com·

144 1948 329 2010 municatum
345 1970 413 2011 cunr
428 1951 538 2029 aliquo,
554 1951 579 2012 si
592 1962 698 2028 postea
708 1950 803 2010 visum
819 1949 953 2009 auditum
969 1946 1143 2007 indicatum.

144 2045 216 2106 Veri
237 2047 346 2108 similia
364 2059 466 2109 autern
487 2048 594 2126 partim
616 2048 732 2126 singula
750 2058 873 2108 movent
891 2067 909 2108 e
926 2065 981 2107 suo
1000 2046 1143 2123 pondere,
1157 2072 1191 2121 40

146 2145 263 2222 partim,
278 2145 368 2207 etiarn
383 2145 408 2207 si
422 2146 560 2208 videntur
574 2166 640 2207 esse
654 2145 759 2224 exigua
777 2165 830 2222 per
844 2165 884 2218 se,
900 2147 1028 2204 multum
1042 2153 1144 2203 tamen

99 2266 132 2303 πο
147 2261 216 2302 curn
238 2255 309 2304 sunt
329 2256 503 2305 coacervata
523 2243 690 2322 proficiunt.
734 2245 835 2321 Atque
855 2241 887 2302 in
908 2241 954 2302 his
968 2239 1029 2301 veri
1046 2239 1146 2301 simili-

145 2338 202 2400 bus
223 2340 324 2401 insunt
344 2362 407 2401 non
428 2362 594 2420 numquam
616 2342 706 2402 etiam
725 2352 824 2402 certae
840 2361 937 2401 rerum
959 2350 989 2400 et
1008 2337 1145 2416 propriae

144 2449 241 2498 notae.
286 2439 450 2499 Maximam
463 2451 564 2500 autem
584 2441 675 2500 fidem
694 2438 765 2499 facit
777 2439 817 2499 ad
839 2435 1065 2497 similitudinem
1084 2434 1145 2495 veri

143 2535 272 2613 primum
288 2538 466 2614 exemplum,
477 2535 588 2597 deinde
602 2534 772 2596 introducta
786 2535 828 2595 rei
842 2533 1024 2608 similitud03
1044 2532 1146 2593 fabula

144 2629 233 2689 etiam
258 2650 320 2691 non
342 2650 516 2707 numquam,
539 2629 595 2690 etsi
616 2628 653 2690 sit
674 2628 865 2702 incredibilis,
886 2639 986 2687 tamen
1006 2624 1145 2704 homines

96 2751 133 2802 ²5·
143 2739 322 2789 commovet.

184 2826 219 2886 C.
236 2824 327 2902 Quid,
343 2824 526 2886 definitionis
540 2845 618 2902 quae
632 2823 707 2885 ratio
720 2836 766 2884 est
779 2834 810 2884 et
824 2843 901 2900 quae
915 2821 985 2883 via?
1025 2825 1057 2881 P.
1071 2823 1143 2881 Non
1157 2795 1191 2922 ιτ

142 2922 269 2982 dubium
291 2934 336 2982 est
354 2921 386 2982 id
405 2921 528 3000 quidem
548 2920 622 2999 quin
644 2920 780 2990 definitio
800 2939 909 2998 genere
929 2920 1096 2979 declaretur
1114 2888 1171 2978 et⁴

142 3019 321 3097 proprietate
341 3021 473 3098 quadam
494 3030 546 3080 aut
566 3018 656 3079 etiam
678 3017 885 3078 communium
909 3015 1084 3094 frequentia,
1107 3036 1143 3075 ex

144 3116 254 3193 quibus
268 3116 420 3195 proprium
435 3117 509 3194 quid
524 3116 561 3176 sit
576 3118 699 3177 eluceat.
730 3118 790 3176 Sed
804 3113 947 3192 quoniam
963 3115 1002 3174 de
1016 3112 1142 3191 propriis

97 3235 129 3284 50
143 3213 235 3274 oritur
245 3216 421 3292 plerumque
436 3233 543 3291 magna
557 3212 929 3287 dissensio,''definiendum
945 3230 1034 3289 saepe
1048 3220 1092 3270 est
1106 3230 1142 3270 cx
1177 3287 1179 3291 Ι

177 3384 188 3417 1
207 3384 254 3418 ver
264 3375 351 3417 aestas
361 3375 500 3416 autumnus
509 3367 578 3419 codd.
590 3366 645 3416 datr.
779 3374 823 3415 aut
833 3366 894 3414 anni
906 3365 973 3428 ortlg.
986 3382 992 3414 ε
1009 3371 1038 3413 ut
1048 3366 1109 3414 anni
1118 3364 1145 3413 P

142 3432 301 3496 squamP:
320 3449 350 3483 ac
367 3431 435 3483 codd.
454 3431 511 3482 dett.
615 3448 645 3480 12
662 3431 747 3493 agitur
764 3430 790 3479 P
887 3446 916 3492 14
934 3429 1037 3479 auditus
1054 3431 1142 3494 vulga:

142 3498 252 3549 eiulatus
272 3498 322 3548 aad
346 3497 394 3550 Vir.
414 3513 473 3547 corr.
560 3512 590 3560 15
608 3512 698 3547 eorum
715 3497 805 3560 ouda:
828 3503 963 3545 eteorum
984 3495 1052 3544 codd.
1066 3495 1142 3544 dett:

142 3579 177 3614 an
189 3565 322 3627 corporisl
343 3563 465 3612 Fn'edn‘clr
571 3563 679 3613 aliorum
698 3563 759 3626 quid
784 3561 852 3625 quod
869 3568 905 3624 p:
939 3561 1049 3609 aliorum
1068 3560 1145 3622 quid-¹

142 3629 204 3691 quid
214 3629 256 3678 P:
273 3629 368 3691 aliquid
379 3630 449 3690 quod
460 3628 528 3691 vulg.

1029 3722 1075 3772 14·
