2588 4178
139 208 213 266 1137
438 194 482 253 M.
511 194 640 253 TVLLI
669 193 903 255 CICERONIS

180 359 303 421 oratoris
318 380 407 439 quern
422 361 581 422 informare
591 365 730 423 volumus
744 374 774 423 et
788 364 827 423 de
841 383 903 439 quo
915 360 1054 423 molimur
1066 361 1180 439 aliquid

134 458 353 536 merquisitius
375 459 483 530 dicere,
525 461 576 521 Ab
599 462 656 521 hac
684 472 713 521 et
734 461 894 520 verborum
920 459 1010 538 copia
1035 459 1123 520 alitu'r
1150 471 1180 519 et

180 576 283 617 eorum
311 557 494 618 constructio
521 569 552 618 et
579 578 720 619 numerus
748 556 885 618 liberiore
907 559 1046 635 ⁴quadarn
1075 557 1181 618 fruitur

135 671 166 731 38
180 654 306 715 licentia
352 657 448 715 Datur
471 655 560 716 etiam
581 655 669 716 venia
693 654 888 718 concinnitati
912 655 1126 716 sententiarum
1151 667 1181 716 et

180 751 275 830 arguti
300 752 431 830 certique
453 764 483 813 et
506 752 720 832 circumscripti
744 755 903 831 verborum
923 751 1054 813 ambitus
1075 771 1209 833 conce-5

181 851 300 923 duntur,
316 853 355 911 de
368 849 573 928 industriaque
588 871 650 911 non
664 871 701 911 ex
714 849 830 911 insidiis
844 852 898 911 sed
912 861 1013 929 aperte
1031 871 1067 910 ac
1081 851 1181 928 palam

180 948 355 1022 elaboratur,
371 958 404 1007 ut
423 949 513 1008 verba
526 947 623 1010 verbis
645 947 730 1026 quasi
751 950 896 1009 demensa
913 959 943 1009 et
961 946 1044 1032 paria
1061 966 1183 1024 respon·

181 1045 280 1119 deant,
309 1055 343 1106 ut
370 1046 474 1106 crebro
502 1047 692 1106 conferantur
719 1045 884 1125 pugnantia
911 1056 1182 1124 comparenturque

180 1141 326 1203 contraria
353 1153 383 1202 et
410 1153 443 1202 ut
470 1141 578 1220 pariter
605 1154 737 1203 extrema
765 1141 960 1203 terminentur
989 1144 1182 1220 eundemque

180 1242 307 1300 referant
328 1240 360 1299 in
380 1242 518 1301 cadendo
539 1261 667 1315 sonum;
691 1261 769 1318 quae
788 1240 819 1300 in
837 1239 959 1301 veritate
978 1259 1135 1300 causarum
1152 1249 1229 1304 etro

181 1336 272 1402 rarius
290 1339 385 1397 multo
406 1338 530 1398 facimus
551 1349 581 1397 et
602 1350 681 1399 certe
702 1337 857 1399 occultius.
902 1339 939 1397 In
959 1335 1182 1397 Panathenaico

180 1447 281 1496 autern
304 1437 450 1496 Isocrates
474 1456 510 1496 ea
529 1455 558 1496 se
578 1435 712 1496 studiose
736 1446 942 1497 consectatum
966 1437 1092 1509 fatetur3
1119 1455 1182 1496 non

180 1532 261 1593 enim
283 1533 323 1592 ad
342 1527 521 1594 iudiciorum
543 1544 701 1606 certarnen,
722 1535 776 1595 sed
798 1537 840 1593 ad
860 1535 1044 1611 voluptatem
1065 1532 1182 1594 aurium

136 1663 166 1716 39
181 1631 343 1709 scripserat.
389 1634 477 1692 Haec
501 1642 641 1692 tractasse
659 1634 916 1709 Thrasymachum
942 1631 1182 1694 Calchedonium

180 1727 309 1805 primum
338 1739 367 1788 et
391 1727 574 1788 Leontinum
596 1728 694 1787 serunt
716 1727 866 1805 Gorgiam,
890 1728 1085 1789 Theodorum
1110 1727 1182 1789 inde
1199 1755 1226 1803 ¹5

182 1825 357 1902 Byzantium
379 1827 549 1903 multosque
569 1823 652 1899 alios,
669 1845 744 1904 quos
763 1826 983 1907 λογοδαιδάλους
1001 1827 1131 1904 appellat
1150 1825 1181 1885 in

182 1924 320 1983 Phaedro
334 1925 488 1996 Socrates3
509 1943 636 2001 quorum
652 1923 722 1984 satis
736 1936 839 2002 arguta
853 1926 955 1998 multa,
970 1925 1025 1986 sed
1038 1933 1072 1984 'ut
1088 1926 1182 1986 modo

181 2020 371 2099 primumque
385 2019 539 2081 nascentia
557 2008 673 2081 minuta
691 2033 721 2082 et
735 2021 946 2083 versiculorum
968 2021 1075 2082 similia
1094 2041 1183 2100 quae-

181 2121 252 2180 dam
280 2118 466 2196 nimiumque
494 2118 621 2197 depicta.
678 2121 750 2194 Quo
781 2120 873 2198 magis
901 2132 971 2181 sunt
1004 2121 1181 2181 Herodotus

181 2214 434 2291 Thucydidesque
462 2214 610 2276 mirabiles
620 2237 629 2290 ;
657 2236 784 2293 quorum
812 2229 893 2277 aetas
920 2236 990 2277 curn
1018 2215 1049 2276 in
1077 2236 1181 2277 eorum
1197 2249 1229 2283 ιο

182 2324 317 2391 tempora
344 2332 420 2390 quos
444 2311 597 2373 nominavi
618 2312 780 2387 incidisset,
806 2313 978 2392 longissime
1002 2326 1102 2375 tamen
1124 2313 1182 2394 ipsi

182 2431 200 2471 a
217 2410 326 2471 talibus
347 2409 461 2470 deliciis
480 2412 527 2471 vel
547 2410 648 2489 potius
668 2411 787 2490 ineptiis
808 2415 953 2474 afuerunt.
996 2413 1081 2472 Alter
1101 2411 1183 2474 enim

182 2508 246 2570 sine
265 2507 332 2568 ullis
351 2507 473 2568 salebris
492 2508 576 2586 quasi
598 2511 719 2570 sedatus
739 2509 836 2570 amnis
855 2509 927 2584 fluit,
942 2512 1016 2572 alter
1034 2509 1184 2572 incitatior

183 2609 274 2667 fertur
287 2617 317 2667 et
331 2608 370 2667 de
388 2605 502 2666 bellicis
521 2606 610 2667 rebus
629 2606 708 2667 canit
725 2607 815 2668 etiam
835 2605 968 2686 quodam
989 2609 1082 2670 modo
1101 2608 1184 2669 belli-

183 2725 271 2780 cum3
292 2704 455 2783 primisque
471 2704 512 2765 ab
531 2703 586 2779 his,
601 2717 634 2765 ut
653 2705 694 2765 ait
713 2707 946 2783 Theophrastus,
962 2705 1084 2766 historia
1101 2726 1183 2767 com·
1198 2735 1228 2782 ²5

184 2814 267 2864 mota
288 2815 341 2876 est,
364 2813 397 2863 ut
418 2805 541 2864 auderet
561 2802 681 2865 uberius
702 2824 793 2882 quam
814 2803 979 2882 superiores
1000 2815 1030 2865 et
1051 2803 1183 2865 ornatius

136 2872 291 3010 ssdicere.
349 2905 469 2961 Horum
504 2900 593 2962 aetati
628 2902 770 2963 successit
805 2905 960 2976 Isocrates,
989 2902 1042 2981 qui
1068 2914 1185 2981 praeter

183 3012 298 3062 ceteros
318 2999 452 3060 eiusdem
466 2999 582 3078 generis
597 3002 734 3061 laudatur
748 3021 865 3080 semper
878 3022 897 3062 a
910 3000 1006 3075 nobis,
1023 3022 1085 3063 non
1099 3022 1185 3062 num·

183 3118 283 3176 quam,
297 3100 398 3172 Brute,
409 3097 513 3159 leniter
527 3109 557 3158 et
572 3098 686 3159 erudite
698 3110 881 3178 repugnante
896 3111 943 3173 te;
964 3101 1018 3160 sed
1033 3101 1183 3160 concedas

176 3184 256 3256 mihi
271 3197 404 3270 fortasse,
418 3194 443 3255 si
457 3194 530 3273 quid
550 3195 581 3255 in
595 3216 632 3256 eo
652 3197 772 3257 laudem
783 3194 974 3274 cognoveris.
1018 3198 1097 3256 Nam
1111 3216 1182 3258 curn
1198 3218 1232 3268 ³0

215 3351 458 3413 5argutiismalur't
468 3350 610 3413 Heerdegen
680 3349 873 3400 oexNonius:
891 3351 956 3400 eaL
1029 3351 1186 3413 ydemensa

182 3417 297 3466 Nonius:
310 3417 456 3465 dimensaL
523 3418 539 3464 8
555 3417 737 3465 conserantur.
755 3450 780 3466 ..
795 3425 1028 3479 comparenturque
1035 3416 1186 3467 Manutius:

183 3483 336 3532 conserant.
350 3517 356 3530 .
368 3518 375 3531 .
389 3480 624 3543 comparentqueL
728 3497 746 3544 9
763 3490 789 3531 et
809 3489 837 3531 ut
847 3482 925 3532 redd.
945 3483 1000 3530 dett.
1015 3498 1021 3529 z
1038 3488 1065 3530 et
1082 3489 1130 3531 aut·
1143 3480 1186 3532 L:

182 3555 227 3596 aut
237 3548 344 3597 crebro.
360 3583 385 3597 ..
401 3547 452 3612 [et]
468 3555 512 3596 aut
520 3546 664 3610 ,Heerdegen
781 3563 811 3595 ra
827 3563 857 3596 se
873 3547 929 3596 add.
950 3548 1020 3611 vulgr.
1155 3563 1186 3608 13

182 3614 215 3661 ad
227 3612 284 3661 add.
298 3613 365 3676 vulg.
456 3629 489 3676 29
507 3613 636 3662 concedas
651 3612 806 3677 Haragm:
832 3614 922 3663 credas
938 3613 978 3662 L:
1003 3613 1095 3664 credes
1112 3611 1181 3665 codd.

181 3678 254 3728 dett:
271 3679 349 3728 cedes
364 3678 465 3728 Ermstr'
