2588 4178
106 208 187 286 1871
434 211 477 270 M.
500 210 627 270 ruam
649 207 881 272 c1cunou1s

156 396 213 444 nec
227 375 354 438 dubitari
370 377 462 438 debet
475 376 548 455 quin
561 376 670 462 fuerint
681 389 750 439 ante
762 369 931 438 Homerum
946 386 1061 454 poetae,
1072 376 1156 453 quod

155 494 191 535 ex
216 474 258 535 eis
281 474 462 536 carminibus
482 475 613 553 intellegi
633 487 741 553 potest,
766 495 844 553 quae
864 476 946 552 apud
966 473 1050 538 illum
1073 484 1103 534 et
1124 472 1156 533 in

155 574 324 632 Phaeacum
346 563 376 632 et
397 571 428 631 in
450 592 608 650 procorum
631 572 726 650 epulis
748 584 904 633 canuntur.
951 570 1041 648 Quid,
1062 569 1156 632 nostri

105 694 107 698 ·
153 679 267 730 veteres
281 659 383 730 versus
398 668 450 730 ubi
464 673 558 730 sunt?
621 750 622 753 Ἴ

315 786 391 845 quos
406 766 484 827 olim
507 768 602 828 Fauni
622 779 765 846 vatesque
785 768 941 841 canebant,
1168 789 1182 840 5

145 914 147 918 .
194 883 263 924 cum
285 884 383 942 neque
406 867 561 925 Musarum
583 868 723 944 scopulos
745 911 751 925 .
774 912 781 926 .
806 912 812 926 .
835 911 842 925 .

194 981 251 1022 nec
272 963 359 1021 doctis
379 961 466 1022 dictis
485 961 639 1023 studiosus
660 962 819 1040 quisquam
841 968 903 1022 erat
923 969 993 1022 ante
1014 961 1096 1020 hunc

154 1057 195 1118 ait
209 1057 274 1137 ipse
288 1058 327 1119 de
341 1079 373 1119 se
389 1079 444 1119 nec
464 1058 605 1119 mentitur
619 1059 650 1119 in
669 1059 842 1137 gloriando:
863 1058 906 1119 sic
924 1057 1004 1118 enim
1024 1077 1089 1118 sese
1109 1076 1155 1118 res

153 1157 253 1217 habet.
283 1157 363 1215 Nam
375 1167 405 1217 et
414 1155 542 1234 Odyssia
554 1155 660 1216 Latina
671 1168 715 1218 est
726 1156 769 1217 sic
779 1167 933 1234 tamquam
943 1175 1019 1233 opus
1031 1155 1154 1232 aliquod

155 1252 283 1313 Daedali
304 1264 334 1315 et
356 1253 497 1315 Livianae
516 1255 634 1315 fabulae
653 1275 714 1315 non
735 1252 805 1315 satis
823 1253 931 1332 dignae
950 1273 1027 1342 quae
1047 1252 1154 1314 iterum
1170 1275 1197 1311 10

110 1361 140 1417 72
154 1352 297 1428 legantur.
332 1351 426 1429 Atqui
440 1351 490 1412 hic
504 1351 605 1412 Livius
621 1349 697 1434 [qui]
709 1351 821 1430 primus
832 1352 963 1411 fabulam
979 1352 1013 1412 C.
1025 1349 1155 1412 Claudio

154 1448 245 1510 Caeci
273 1448 335 1509 filio
359 1460 390 1510 et
418 1451 461 1510 M.
482 1449 636 1512 Tuditano
657 1445 830 1511 consulibus
854 1448 958 1510 docuit
981 1468 1063 1508 anno
1087 1447 1154 1526 ipso

152 1557 328 1625 antequam
342 1558 429 1609 natus
444 1557 489 1610 est
507 1547 630 1620 Ennius,
646 1559 715 1626 post
730 1549 860 1608 Romam
879 1546 1032 1607 conditam
1052 1558 1153 1606 autem

152 1644 378 1724 quartodecimo
406 1655 436 1706 et
463 1644 733 1723 quingentensimo,
762 1655 795 1705 ut
822 1643 871 1705 hic
902 1644 950 1717 ait,
976 1664 1068 1721 quem
1096 1664 1153 1706 nos

150 1741 311 1821 sequimur.
356 1744 410 1803 Est
431 1743 511 1803 enim
532 1742 609 1804 inter
627 1742 783 1822 scriptores
802 1745 841 1803 de
860 1762 985 1802 numero
1004 1762 1152 1803 annorum
1169 1762 1197 1815 15

151 1840 359 1901 controversia
403 1839 513 1921 Accius
540 1852 641 1902 autem
663 1861 681 1901 a
703 1842 740 1917 Q.
761 1840 899 1901 Maximo·
919 1839 1058 1917 quintum
1083 1859 1154 1900 con-

151 1939 215 1997 sule
234 1949 354 2014 captum
369 1924 501 1999 Tarento
519 1938 636 2017 scripsit
654 1937 772 1999 Livium
787 1938 872 1999 annis
893 1956 962 1998 xxx
976 1949 1045 2016 post
1061 1959 1153 2016 quam

152 2054 221 2095 eum
236 2035 367 2096 fabulam
388 2035 527 2097 docuisse
542 2047 575 2102 et
592 2035 709 2097 Atticus
731 2035 833 2096 scribit
847 2047 877 2096 et
897 2056 953 2096 nos
971 2035 1002 2095 in
1022 2035 1153 2113 antiquis

107 2142 139 2199 73
152 2131 373 2193 commentariis
400 2131 579 2207 invenimus,
606 2132 755 2194 docuisse·
772 2138 872 2216 autem
899 2134 1032 2193 fabulam
1065 2132 1152 2194 annis

151 2239 219 2306 post
233 2247 274 2289 x1‘
283 2229 317 2290 C.
334 2229 475 2291 Cornelio
491 2232 531 2307 Q.
544 2230 680 2291 Minucio
694 2230 868 2292 consulibus
883 2230 961 2291 ludis
976 2231 1152 2307 Iuventatis,
1166 2249 1197 2286 ao

151 2345 227 2404 quos
255 2326 402 2387 Salinator
429 2327 554 2389 Senensi
581 2328 695 2406 proelio
723 2338 850 2388 voverat.
894 2331 932 2388 In
950 2347 1021 2404 quo
1052 2338 1152 2388 tantus

150 2443 229 2484 error
249 2423 324 2485 Acci
345 2424 407 2496 fuit,
431 2436 464 2484 ut
484 2425 530 2485 his
552 2425 725 2487 consulibus
746 2443 789 2485 xn
809 2445 905 2485 annos
925 2437 1013 2485 natus
1036 2423 1164 2486 Ennius·

149 2522 254 2584 suerit:
276 2522 349 2600 quoi
371 2521 396 2583 si
416 2523 548 2602 aequalis
569 2523 656 2589 luerit
678 2523 787 2596 Livius,
804 2524 902 2584 minor
921 2523 976 2583 suit
997 2522 1152 2600 aliquanto

149 2619 182 2692 is,
199 2620 254 2698 qui
264 2620 377 2699 primus
391 2621 522 2681 fabulam
536 2621 628 2697 dedit,
642 2641 731 2699 quam
746 2621 781 2694 ei,
797 2621 849 2699 qui
864 2623 971 2682 multas
986 2623 1152 2682 docuerant

150 2730 220 2779 ante
234 2720 290 2779 hos
311 2721 457 2792 consules,
473 2730 504 2780 et
524 2721 646 2779 Plautus
668 2730 698 2780 et
717 2719 856 2780 Naevius
900 2721 987 2779 Haec
1006 2718 1031 2779 si
1050 2719 1150 2780 minus
1165 2739 1196 2790 25

149 2825 220 2893 apta
236 2815 374 2877 videntur
394 2816 464 2876 huic
485 2817 621 2891 sermoni,
645 2820 744 2889 Brute,
763 2816 865 2878 Attico
883 2816 1014 2894 adsigna,
1031 2816 1082 2894 qui
1102 2839 1151 2880 me

116 2923 118 2927 ’
149 2912 344 2974 inflammavit
358 2913 458 2974 studio
477 2913 644 2978 inlustrium
666 2914 830 2983 hominum¹
842 2924 953 2975 aetates
968 2924 998 2975 et
1016 2924 1152 2992 tempora

149 3011 356 3089 persequendi.
401 3014 466 3090 Ego
493 3033 571 3085 vero,
601 3011 698 3091 inquit
727 3015 844 3085 Brutus,
874 3024 904 3072 et
936 3013 1069 3084 delector
1095 3011 1152 3074 ista

100 2691 137 2749 19

106 2777 138 2832 74

181 3167 198 3213 6
209 3167 343 3230 quisquam
354 3177 489 3230 superarat
500 3168 557 3217 add.
570 3168 689 3218 Victon'us
745 3185 758 3231 7
772 3169 854 3218 doctis
864 3169 938 3217 dictis
944 3168 1025 3231 Bergk
1036 3186 1042 3217 :
1059 3169 1118 3218 dicti
1128 3170 1150 3218 L

149 3233 165 3280 8
183 3232 215 3281 de
228 3248 256 3281 se
276 3233 376 3281 Ennius
394 3233 471 3293 Bake,
489 3233 577 3282 codices
594 3235 719 3282 detmbras
736 3241 832 3282 secutus
898 3235 971 3281 sicin
991 3234 1027 3283 L:
1045 3235 1083 3282 sic
1097 3235 1150 3298 [ut]

149 3298 216 3359 vulg.
320 3312 346 3346 11
366 3299 463 3360 quiscat
476 3299 571 3348 Schata
687 3315 715 3361 ¹3
732 3300 859 3348 conditam
872 3306 957 3347 autem
975 3299 1038 3348 FO:
1064 3307 1150 3348 autem

149 3364 277 3411 conditam
293 3363 361 3413 codd.
438 3366 467 3411 16
485 3366 590 3413 consule
610 3363 708 3412 M⁹G²z
726 3364 1049 3414 cos.F:consulemcodd.
1120 3381 1149 3426 17

77 3456 78 3460 =
149 3435 250 3489 captum
268 3428 352 3492 vulga:
371 3428 480 3489 captaL
587 3443 618 3478 ao
637 3429 778 3479 luventatis
795 3446 855 3481 corr.
870 3430 1007 3478 Victorius:
1031 3431 1150 3480 lucutatis

149 3491 237 3540 FOG:
255 3494 373 3542 luctantis
384 3494 450 3541 codd⁴
531 3509 562 3542 22
580 3509 633 3543 xxx
651 3494 757 3543 BHMG
834 3511 865 3558 23
883 3497 922 3544 cui
940 3496 1027 3560 vulg:
1044 3494 1148 3558 quodL

148 3557 225 3607 luerit
236 3558 342 3623 Madvig
353 3577 359 3608 ε
376 3560 421 3607 luit
432 3558 455 3606 L
