2588 4178
145 213 224 276 1557
469 199 512 260 M.
534 199 662 258 TVLLI
685 198 917 261 CICERONIS

146 377 179 437 15
193 369 293 444 Quem
304 386 374 427 vero
384 377 479 428 exstet
489 377 518 427 et
532 368 644 450 dequo
658 367 695 428 sit
709 368 871 428 memoriae
885 366 1037 444 proditum
1048 369 1190 445 eloquens

191 477 252 526 tem
276 465 367 526 fuisse
389 464 481 527 etita
505 484 570 525 esse
592 465 737 538 habitum,
760 465 872 543 primus
896 477 942 527 est
964 469 1007 525 M.
1031 464 1189 527 Cornelius

191 564 351 640 Cethegus,
368 562 453 623 cuius
474 562 663 639 eloquentiae
682 574 727 623 est
747 575 851 624 auctor
869 574 899 624 et
918 563 1044 624 idoneus
1064 563 1188 640 quidem

191 680 257 720 mea
272 660 418 721 sententia
432 662 469 736 Q.
488 660 612 734 Ennius,
627 661 799 738 praesertim
817 681 887 721 cum
901 673 931 721 et
945 661 1009 738 ipse
1022 680 1092 721 eum
1106 659 1189 720 audi·

190 756 264 816 verit
278 769 307 817 et
322 757 430 819 sc'ribat
444 761 482 820 de
497 770 634 820 mortuo:
655 778 691 818 ex
707 777 769 835 quo
783 760 865 817 nulla
882 751 1014 834 'suspicio
1028 768 1073 817 est
1089 757 1190 824 amici·
1207 768 1221 818 5

146 859 178 922 58
191 852 249 913 tiae
264 873 428 918 causaesse
443 857 609 917 mentitum.
647 858 701 916 Est
715 855 802 933 igitur
816 855 859 916 sic
869 856 950 933 apud
965 854 1090 916 illumin
1104 874 1188 915 nono

190 963 223 1010 ut
237 951 344 1028 opinor
356 953 457 1013 annali
470 977 476 1014 :

310 1050 430 1111 additur
450 1063 549 1112 orator
570 1051 727 1114 Cornelius
748 1050 968 1137 suaviloquenti

310 1167 361 1208 ore
383 1150 534 1227 Cethegus
556 1151 677 1209 Marcus
697 1149 851 1209 Tuditano
872 1151 997 1226 conlega

312 1245 407 1305 Marci
428 1245 546 1306 filius-
1029 1310 1031 1316 ,
1202 1257 1234 1294 ¹0

188 1353 218 1402 et
232 1354 379 1403 oratorem
397 1345 527 1421 appellat
545 1355 576 1404 et
594 1344 862 1421 suaviloquentiam
880 1344 991 1417 tribuit,
1006 1364 1084 1422 quae
1103 1364 1185 1404 nunc

187 1439 310 1516 quidem
325 1459 386 1500 non
402 1452 462 1500 tam
477 1453 522 1502 est
536 1441 567 1501 in
581 1441 729 1520 plerisque
743 1441 863 1519 (latrant
881 1441 962 1502 enim
981 1442 1041 1501 iam
1060 1441 1184 1519 quidam

187 1549 326 1611 oratores,
342 1559 404 1599 non
419 1538 609 1619 loquuntur),
624 1541 678 1600 sed
697 1551 742 1600 est
760 1560 796 1600 ea
814 1543 878 1600 laus
897 1538 1086 1617 eloquentiae
1104 1552 1184 1602 certe

188 1635 357 1695 maxima—-

388 1733 413 1794 is
433 1734 545 1795 dictust
564 1734 630 1795 ollis
651 1735 844 1812 popularibus
864 1734 945 1809 olim,
1201 1748 1230 1800 15

227 1830 279 1907 qui
300 1842 364 1891 tum
385 1831 525 1893 vivebant
545 1833 683 1893 homines
704 1845 794 1911 atque
814 1854 921 1894 aevum
942 1832 1103 1911 agitabant,

227 1930 282 1988 flos
303 1928 452 1990 delibatus
472 1930 619 2008 populi-

142 2057 173 2108 59
186 2026 280 2102 probe
301 2045 371 2087 vero
381 2049 389 2101 3
413 2038 447 2087 ut
467 2027 548 2088 enim
569 2027 699 2092 hominis
721 2030 813 2089 decus
834 2027 996 2106 ingenium,
1020 2028 1062 2090 sic
1083 2028 1184 2108 ingeni

186 2121 278 2199 ipsius
299 2124 409 2184 lumen·
423 2135 468 2185 est
489 2125 668 2203 eloquentia,
691 2146 751 2203 qua
771 2126 866 2186 virum
887 2128 1082 2187 excellentem
1103 2148 1185 2206 prae-

186 2223 265 2281 clare
284 2232 348 2281 turn
365 2221 406 2281 illi
425 2223 564 2284 homines
583 2227 686 2284 florem
705 2224 809 2303 populi
828 2245 893 2285 esse
912 2224 1090 2286 dixerunt-
1199 2239 1231 2274 ²0

671 2324 850 2400 Suadaeque
871 2324 1011 2384 medulla.

185 2417 279 2476 Πειθὼ
300 2417 391 2494 quam
412 2430 521 2479 vocant
538 2420 653 2493 Graeci,
669 2419 753 2480 c'uius
772 2422 894 2480 effector
912 2431 957 2480 est
976 2431 1082 2494 orator,
1104 2422 1183 2482 hanc

186 2516 317 2575 Suadam
331 2516 491 2592 appellavit
501 2517 616 2578 Ennius
631 2516 713 2599 [eius
722 2529 821 2578 autern
837 2519 1005 2595 Cethegum
1020 2520 1184 2579 medullam

184 2611 275 2671 fuisse
289 2609 373 2693 vult]‚
389 2625 430 2686 ut,
447 2634 537 2692 quam
552 2617 640 2675 deam
655 2615 686 2674 in
701 2614 807 2675 Pericli
821 2615 909 2675 labris
927 2615 1042 2693 scripsit
1058 2617 1182 2693 Eupolis

185 2709 375 2783 sessitavisse‚
397 2711 485 2771 huius
508 2712 557 2772 hic
582 2715 743 2773 medullam
766 2724 901 2797 nostrum
924 2725 1070 2774 oratorem
1092 2713 1183 2776 fuisse
1198 2725 1228 2777 ²⁵

138 2817 173 2870 6ο
186 2807 297 2868 dixerit.
335 2812 375 2868 At
389 2808 438 2870 hie
454 2811 604 2886 Cethegus
619 2812 724 2870 consul
738 2831 807 2872 cum
823 2813 855 2871 P.
866 2811 1019 2871 Tuditano
1033 2811 1088 2870 suit
1102 2813 1183 2872 bello

185 2905 301 2967 Punico
315 2908 449 2967 secundo
467 2918 665 2985 quaestorque
684 2907 729 2967 his
748 2907 922 2968 consulibus
938 2910 980 2967 M.
997 2909 1074 2969 Cato
1090 2911 1182 2970 modo

183 3005 271 3080 plane
285 3003 371 3064 annis
386 3021 448 3063 exn
462 3015 532 3063 ante
546 3024 595 3064 me
609 3007 784 3080 consulem;
804 3017 833 3065 et
848 3004 879 3065 id
898 3004 995 3082 ipsum
1015 3004 1073 3065 nisi
1093 3005 1181 3067 unius

183 3111 261 3160 esset
286 3100 366 3160 Enni
394 3100 566 3161 testimonio
594 3101 756 3178 cognitum,
773 3104 861 3163 'hunc
885 3113 1024 3174 vetustas,
1050 3113 1083 3162 ut
1106 3103 1181 3164 alios

202 3305 204 3308 Α
218 3271 229 3303 1
249 3257 282 3303 de
293 3257 533 3317 quo...pr0diturn
546 3256 599 3305 incl.
610 3255 682 3314 ,Jahn
726 3257 743 3303 6
760 3255 922 3304 mentitumL
936 3274 942 3305 ε
955 3257 1104 3305 ementitum
1112 3257 1182 3306 Bake

181 3336 198 3381 9
216 3322 313 3369 Marcu'
327 3321 454 3370 Tuditano
466 3322 564 3382 collega
576 3321 685 3370 Saluta:
705 3321 806 3370 Marcus
818 3323 902 3370 studio
915 3322 1039 3383 collegam
1059 3320 1080 3369 L
1150 3339 1179 3386 15

181 3387 275 3434 dictust
286 3385 343 3434 ollis
356 3385 512 3435 Gronovius:
529 3387 613 3436 dictus
624 3384 646 3432 L
715 3388 745 3433 16
762 3388 892 3447 agitabant
903 3387 1058 3436 Gronovius:
1070 3387 1180 3449 agebant

180 3451 203 3499 L
269 3466 298 3498 21
317 3453 463 3514 suadaeque
475 3452 559 3514 vulg:
575 3453 669 3501 suadas
681 3452 707 3498 F
708 3452 724 3513 ¹,
738 3454 824 3500 suadis
837 3452 879 3514 Ρ,
889 3453 1029 3501 suadaeF’
1095 3468 1178 3515 23,a4

180 3517 236 3565 eius
254 3552 260 3565 .
276 3516 371 3565 ..vult
387 3516 438 3566 secl.
452 3516 546 3565 Schultz
630 3533 662 3578 24
680 3517 756 3566 labris
768 3517 822 3567 F’:
839 3517 909 3566 libris
921 3517 946 3566 F
948 3517 956 3547 ¹
967 3517 1036 3567 codd.
1145 3535 1177 3582 27

180 3582 219 3631 his
232 3581 298 3645 vulg.
310 3600 315 3630 ε
333 3582 356 3631 is
373 3581 441 3632 coda
