2588 4178
561 198 726 259 BRVTVS
1099 200 1142 263 28
1157 218 1202 260 ror

138 365 223 437 illud,
239 366 293 426 sed
314 363 419 425 maiori
439 364 517 426 filiae
537 365 728 436 detulisse—,
743 363 769 425 is
783 374 884 425 tamen
903 363 1038 426 instituto
1059 363 1143 427 Laeli

138 463 317 523 Panaetium
344 462 505 524 audiverat.
563 462 636 523 Eius
663 461 761 524 omnis
793 462 824 522 in
856 462 987 524 dicendo
1018 463 1143 524 facultas

55 578 56 581 ¹
138 560 263 620 historia
276 560 370 638 ipsius
391 581 453 621 non
467 560 650 640 ineleganter
671 560 780 638 scripta
793 559 921 638 perspici
942 571 1048 638 potest,
1064 579 1142 638 quae

138 678 240 735 neque
267 658 356 718 nimis
384 671 429 720 est
456 659 554 719 infans
582 678 682 736 neque
705 660 836 736 perfecte
859 656 977 718 diserta
1022 659 1142 719 Mucius
1157 678 1202 717 roa

108 768 241 827 5autem
264 776 365 834 augur,
388 757 471 834 quod
490 776 545 834 pro
564 775 597 817 se
617 775 694 834 opus
716 767 786 828 erat,
809 755 873 834 ipse
897 754 1025 827 dicebat,
1049 768 1082 816 ut
1102 757 1142 817 de

137 854 275 933 pecuniis
296 855 468 932 repetundis
488 867 593 915 contra
613 857 648 915 T.
668 855 840 916 Albucium.
884 855 915 915 ls
937 866 1087 916 oratorum
1109 853 1141 915 in

137 973 266 1012 numero
283 972 345 1012 non
367 953 430 1025 tuit,
453 952 524 1012 iuris
545 952 639 1013 civilis
656 951 859 1030 intellegentia
871 964 961 1030 atque
978 953 1061 1013 omni
1075 972 1142 1031 pru·

137 1050 260 1111 dentiae
287 1070 396 1128 genere
423 1050 574 1129 praestitit
619 1052 652 1110 L
679 1050 799 1112 Caelius
822 1050 979 1128 Antipater
1006 1049 1137 1128 scriptor,

137 1168 229 1226 quem
247 1151 286 1209 ad
304 1150 430 1209 modum
444 1148 559 1220 videtis,
575 1147 630 1208 fuit
644 1159 677 1207 ut
691 1147 875 1226 temporibus
889 1147 947 1207 illis
960 1149 1137 1221 luculentus,

92 1264 123 1300 10
136 1246 209 1306 iuris
222 1249 310 1307 valde
323 1246 445 1324 peritus,
460 1249 620 1306 multorum
635 1245 724 1306 etiam
739 1258 772 1306 ut
787 1247 820 1305 L
838 1245 937 1308 Crassi
951 1244 1096 1324 magister.

179 1344 301 1405 Vtinam
323 1343 354 1403 in
375 1344 423 1404 Ti.
439 1345 577 1404 Graccho
591 1343 728 1421 Gaioque
750 1343 890 1405 Carbone
908 1342 974 1403 talis
996 1363 1081 1403 mens
1099 1344 1138 1405 ad

136 1462 201 1502 rem
222 1441 374 1519 publicam
395 1441 473 1502 bene
493 1443 653 1519 gerendam
678 1441 789 1514 suisset,
812 1443 901 1519 quale
922 1439 1075 1518 ingenium
1099 1443 1139 1502 ad

137 1540 217 1600 berre
238 1539 401 1600 dicendum
422 1539 495 1600 suit:
523 1542 657 1617 prolecto
678 1560 768 1601 nemo
790 1539 836 1600 his
857 1539 925 1600 viris
946 1539 1038 1618 gloria
1059 1558 1140 1618 prae·

139 1637 268 1698 stitisset
305 1638 365 1698 Sed
376 1657 480 1698 eorum
490 1639 564 1698 alter
577 1649 697 1716 propter
707 1637 995 1699 turbulentissimum
1010 1636 1139 1698 tribuna·

93 1755 122 1806 ¹5
139 1746 212 1808 tum,
233 1736 274 1796 ad
294 1755 384 1813 quem
401 1756 438 1796 ex
460 1734 571 1795 invidia
591 1735 719 1796 foederis
741 1735 918 1796 Numantini
939 1735 1027 1797 bonis
1048 1735 1138 1796 iratus

137 1844 310 1905 accesserat,
325 1834 365 1893 ab
382 1832 447 1911 ipsa
465 1853 496 1893 re
515 1832 635 1911 publica
652 1845 696 1894 est
717 1832 906 1907 interiectu53
926 1836 1000 1893 alter
1018 1845 1138 1912 propter

137 1941 311 2008 perpetuam
326 1930 357 1990 in
372 1930 507 2009 populari
520 1931 634 1992 ratione
648 1931 808 2018 levitatem⁸
818 1943 914 1992 morte
927 1931 1092 1992 voluntaria
1105 1951 1138 1992 se

136 2045 156 2086 a
169 2027 323 2087 severitate
343 2027 476 2088 iudicum
491 2027 660 2090 vindicavit.
703 2030 763 2090 Sed
782 2029 836 2089 luit
858 2040 981 2106 uterque
1003 2049 1137 2090 summus

137 2135 243 2185 orator.
286 2127 388 2202 Atque
408 2127 467 2186 hoc
488 2127 631 2186 memoria
652 2139 770 2205 patrum
793 2139 868 2188 teste
890 2127 1017 2189 dicimus
1027 2150 1036 2203 3
1066 2148 1136 2188 nam
1152 2154 1199 2204 104

90 2243 124 2278 ao
137 2233 168 2282 et
190 2221 337 2284 Carbonis
359 2234 389 2283 et
412 2223 539 2284 Gracchi
564 2224 710 2285 habemus
732 2224 880 2285 orationes
906 2227 1041 2286 nondum
1066 2225 1137 2286 satis

137 2319 309 2396 splendidas
337 2319 442 2392 verbis,
466 2322 519 2381 sed
547 2332 649 2381 acutas
677 2320 913 2399 prudentiaeque
940 2321 1134 2399 plenissimas.

137 2415 205 2477 Fuit
220 2419 373 2477 Gracchus
387 2417 540 2496 diligentia
554 2418 712 2481 Corneliae
727 2419 827 2479 matris
841 2440 859 2479 a
873 2440 966 2498 puero
984 2423 1091 2482 doctus
1106 2432 1136 2483 et

137 2513 258 2575 Graecis
275 2514 377 2576 litteris
398 2516 539 2576 eruditus
583 2519 662 2577 Nam
681 2537 798 2596 semper
817 2517 921 2578 habuit
940 2517 1101 2595 exquisitos
1118 2539 1135 2581 e

136 2612 262 2672 Graecia
281 2612 444 2690 magistros
459 2613 490 2673 in
509 2614 551 2675 eis
569 2614 627 2674 iarn
645 2617 821 2676 adulescens
841 2615 1031 2694 Diophanem
1049 2616 1136 2694 Myti-

89 2733 122 2783 25
136 2712 273 2771 lenaeum
299 2712 441 2773 Graeciae
463 2713 647 2792 temporibus
669 2714 726 2774 illis
747 2713 981 2775 disertissimum.
1025 2716 1086 2776 Sed
1108 2714 1136 2776 ei

135 2808 224 2869 breve
247 2818 364 2887 tempus
389 2808 489 2888 ingeni
512 2812 641 2889 augendi
667 2823 696 2873 et
720 2811 892 2873 declarandi
916 2811 989 2886 luit3
1025 2813 1132 2887 Carbo,
1150 2836 1195 2889 105

134 2905 206 2984 quoi
232 2905 293 2967 vita
320 2897 528 2986 suppeditavit,
557 2922 602 2970 est
630 2910 661 2978 in
689 2910 795 2972 multis
827 2910 944 2971 iudiciis
977 2911 1134 2989 causisque

133 3003 277 3081 cognitus
322 3007 415 3067 Hunc
433 3006 485 3083 qui
506 3007 661 3069 audierant
680 3012 840 3087 prudentes
862 3008 1007 3082 homines,
1024 3007 1055 3069 in
1072 3008 1135 3086 qui-

1152 1303 1191 1365 ²⁷

1154 1392 1200 1442 103

133 3102 190 3161 bus
213 3101 363 3163 familiaris
384 3117 485 3165 noster
506 3109 539 3166 L.
556 3106 678 3180 Gellius,
700 3108 805 3185 quise
826 3106 867 3167 illi
888 3107 1132 3168 contubernalem

88 3221 121 3270 30
133 3197 164 3258 in
178 3201 334 3260 consulatu
348 3201 438 3263 fuisse
452 3204 596 3277 narrabat,
608 3225 750 3266 canorum
766 3216 912 3266 oratorem
928 3215 957 3265 et
971 3204 1132 3265 volubilem

133 3307 164 3356 et
190 3297 260 3357 satis
287 3318 386 3360 acrem
413 3312 503 3379 atque
531 3304 661 3364 eundem
690 3316 719 3365 et
747 3306 956 3365 vehementem
988 3314 1018 3363 et
1045 3303 1132 3364 valde

164 3464 180 3510 3
197 3451 303 3500 historia
321 3451 362 3502 L:
386 3471 420 3503 ex
437 3455 544 3506 historia
563 3459 631 3521 vrelg.
759 3474 789 3521 19
806 3458 913 3508 dicimus
932 3457 1017 3521 vulga
1042 3455 1130 3506 didici·

92 3516 352 3566 ¹rnusBHMO'G¹
458 3539 489 3570 aa
507 3522 689 3574 GracchusL:
706 3524 744 3574 Ti.
757 3525 889 3574 Gracchus
900 3522 995 3585 Stangl
1099 3535 1131 3583 25

131 3581 156 3628 ei
171 3581 325 3631 Lambinus:
342 3586 402 3634 etL
501 3604 531 3650 27
550 3591 609 3651 quoi
622 3590 758 3642 friedn'ch:
776 3591 816 3640 cui
826 3588 928 3639 Aldus:
945 3585 1043 3651 quoL:
1061 3588 1131 3650 quod

131 3647 215 3711 vulga:
232 3650 316 3711 quoad
334 3650 476 3700 Lambinus
