2588 4178
553 180 712 244 TOPICA
1110 196 1130 258 5
1144 193 1174 243 ru

126 370 205 430 quae
226 349 379 432 proposita
399 361 444 411 est
463 348 548 427 quasi
565 349 596 410 in
616 350 752 411 membra
769 349 953 428 discerpitur,
969 360 1002 410 ut
1021 349 1046 410 si
1065 349 1132 427 quis

127 449 173 510 ius
193 448 279 510 civile
300 449 381 509 dicat
399 447 431 508 id
451 468 517 508 esse
538 449 622 525 quod
642 447 674 507 in
696 447 818 525 legibus,
836 459 956 508 senatus
977 447 1130 518 consultis,

128 547 217 607 rebus
232 544 381 619 iudicatis,
395 544 465 605 iuris
480 545 643 623 peritorum
657 544 843 620 auctoritate,
858 544 963 605 edictis
984 544 1133 622 magistra-

126 658 223 716 tuum,
234 664 324 716 more,
337 643 487 721 aequitate
498 642 650 703 consistat.
682 643 872 703 Divisionum
883 653 984 703 autem
995 641 1132 703 definitio

98 745 238 815 5sormas
257 740 355 803 omnis
376 741 583 819 complectitur
602 760 681 818 quae
699 741 756 801 sub
775 760 813 800 eo
830 759 939 818 genere
960 751 1029 800 sunt
1048 742 1131 818 quod

126 839 268 901 definitur
286 842 345 901 hoc
367 840 477 900 modo:
502 837 694 900 Abalienatio
714 834 759 899 est
773 838 837 898 eius
851 838 893 898 rei
907 858 985 916 quae
1000 837 1131 916 mancipi

125 950 172 1000 est
185 950 242 998 aut·
254 936 374 998 traditio
394 937 477 998 alteri
497 958 574 998 nexu
594 949 645 997 aut
660 936 691 997 in
710 937 773 998 iure
791 936 888 998 cessio
908 936 985 997 inter
999 957 1075 1014 quos
1096 957 1133 996 ea

125 1037 190 1097 iure
201 1035 280 1096 civili
290 1034 352 1096 fieri
362 1046 496 1113 possunt.
529 1036 605 1095 Sunt
619 1033 709 1095 etiam
720 1034 778 1094 alia
792 1054 900 1111 genera
910 1032 1130 1106 definitionum,
1145 1039 1167 1097 6

122 1135 182 1195 sed
199 1135 243 1213 ad
264 1131 352 1193 huius
374 1132 440 1193 libri
462 1131 631 1192 institutum
653 1131 703 1192 illa
724 1131 797 1191 nihil
818 1130 986 1210 pertinent,
1014 1142 1131 1191 tantum

84 1257 111 1292 ιο
126 1244 173 1293 est
187 1231 351 1304 dicendum
366 1229 418 1308 qui
429 1229 471 1290 sit
485 1229 669 1291 definitionis
689 1231 805 1291 modus.
850 1229 899 1290 Sic
916 1228 1004 1307 igitur
1017 1241 1131 1290 veteres
1146 1252 1176 1301 ²9

126 1328 332 1411 praecipiunt:
366 1348 436 1389 cum
465 1327 626 1406 sumpseris
657 1348 693 1388 ea
720 1347 798 1405 quae
833 1326 892 1387 sint
917 1326 945 1387 ei
973 1326 1015 1390 rei
1040 1346 1130 1403 quam

126 1426 253 1493 definire
267 1427 339 1487 velis
360 1446 430 1486 cum
445 1425 510 1486 aliis
531 1425 714 1500 communia,
729 1445 824 1502 usque
843 1445 880 1486 eo
895 1423 1041 1502 persequi,
1057 1425 1130 1484 dum

126 1524 282 1604 proprium
307 1523 457 1596 efficiatur,
485 1524 568 1606 quod
593 1524 705 1582 nullam
729 1521 759 1582 in
784 1521 873 1582 aliam
896 1541 959 1582 rem
983 1521 1131 1582 transferri

127 1621 230 1702 possit
267 1623 309 1681 Vt
320 1623 415 1681 haec:
438 1620 599 1681 Hereditas
610 1632 655 1680 est
669 1619 805 1699 pecunia.
836 1621 1007 1681 Commune
1017 1620 1118 1679 adhuc
1124 1640 1133 1692 ς

83 1743 113 1792 15
129 1722 224 1785 multa
242 1718 323 1781 enim
344 1733 454 1796 genera
473 1717 626 1796 pecuniae.
669 1719 760 1778 Adde
779 1719 862 1795 quod
881 1715 1032 1795 sequitur:
1054 1736 1132 1794 quae

128 1827 225 1878 morte
238 1815 362 1877 alicuius
377 1818 416 1877 ad
431 1815 603 1894 quempiam
618 1804 760 1893 pervenit.
804 1816 953 1894 Nondum
970 1824 1015 1875 est
1029 1813 1132 1874 defini-

128 1915 190 1991 tio,
222 1912 323 1975 multis
352 1912 433 1974 enim
456 1913 555 1974 modis
583 1911 647 1973 sine
671 1911 837 1973 hereditate
864 1911 959 1972 teneri
985 1911 1131 1989 pecuniae

127 2017 313 2077 mortuorum
338 2024 472 2088 possunt.
515 2012 618 2070 Vnum
646 2011 726 2070 adde
750 2009 892 2070 verbum:
921 2008 1001 2083 iure;
1029 2007 1089 2068 iam
1114 2029 1132 2067 a

127 2108 344 2170 communitate
358 2128 404 2168 res
419 2107 552 2168 diiuncta
568 2107 725 2180 videbitur,
737 2112 770 2167 ut
785 2106 822 2167 sit
836 2105 980 2185 explicata
996 2105 1131 2166 definitio

83 2233 115 2274 ιο
128 2206 190 2268 sic:
213 2205 377 2267 Hereditas
398 2216 443 2266 est
468 2204 596 2282 pecunia
614 2225 692 2282 quae
714 2216 809 2265 morte
828 2203 952 2264 alicuius
971 2205 1010 2263 ad
1030 2222 1132 2280 quem-

127 2304 208 2382 piam
223 2301 357 2381 pervenit
376 2302 447 2363 iure.
492 2304 638 2363 Nondum
658 2314 703 2362 est
722 2301 793 2373 satis
803 2324 812 2376 3
832 2303 931 2362 adde:
952 2319 1008 2362 nec
1026 2321 1061 2360 ea
1079 2311 1131 2360 aut

127 2403 225 2478 legata
246 2411 426 2461 testamento
447 2411 499 2458 aut
519 2399 710 2477 possessione
732 2410 846 2460 retenta
856 2421 864 2472 3
884 2400 1055 2459 conlectum
1075 2408 1129 2458 est.

128 2501 267 2575 Itemque
297 2495 342 2579 [ut
370 2494 476 2579 illud]:
512 2497 648 2558 Gentiles
676 2509 746 2560 sunt
779 2496 855 2559 inter
882 2517 914 2557 se
941 2495 994 2573 qui
1022 2497 1130 2556 eodem

127 2596 251 2656 nomine
275 2607 352 2656 sunt.
396 2597 468 2659 Non
496 2607 541 2655 est
569 2593 648 2654 satis.
684 2594 754 2671 ‘Qui
780 2596 819 2655 ab
848 2593 984 2672 ingenuis
1012 2592 1131 2654 oriundi

83 2721 114 2771 ²5
127 2704 205 2753 sunt.
249 2695 297 2753 Ne
319 2692 351 2753 id
372 2692 495 2770 quidem
520 2691 591 2752 satis
615 2703 668 2752 est.
712 2692 849 2767 Quorum
875 2691 1021 2750 maiorum
1040 2710 1130 2750 nemo

127 2789 299 2851 servitutem
325 2789 450 2857 servivit.
494 2791 591 2850 Abest
615 2788 705 2849 etiam
728 2797 817 2848 nune.
862 2786 923 2863 Qui
948 2787 1045 2865 capite
1068 2807 1130 2847 non

126 2898 197 2948 sunt
218 2885 373 2949 deminuti.
414 2890 489 2948 Hoc
509 2889 633 2947 fortasse
652 2885 722 2946 satis
742 2897 796 2946 est.
838 2884 922 2944 Nihil
941 2884 1021 2944 enirn
1041 2884 1130 2945 video

127 2987 302 3046 Scaevolarn
337 2984 511 3064 pontificem
546 2985 585 3044 ad
618 2985 695 3044 hanc
727 2981 934 3043 definitionem
967 2980 1128 3042 addidisse.

128 3086 231 3160 Atque
244 3083 318 3142 haec
333 3082 407 3142 ratio
422 3084 500 3142 valet
519 3080 549 3141 in
565 3092 692 3158 utroque
711 3100 819 3158 genere
834 3079 1052 3152 definitionum,
1068 3078 1130 3139 sive

81 3203 115 3253 30
128 3179 160 3239 id
185 3180 267 3257 quod
295 3191 350 3253 est,
373 3179 434 3239 sive
463 3178 494 3239 id
522 3179 605 3256 quod
634 3177 813 3254 intellegitur
840 3176 1046 3237 definiendum
1073 3180 1128 3236 est.

129 3275 326 3338 Partitionum
363 3272 488 3357 [autem]
524 3287 554 3336 et
589 3274 770 3335 divisionum
801 3294 894 3352 genus
929 3274 1017 3351 quale
1051 3284 1130 3333 esset
1145 3301 1177 3350 30

128 3373 325 3448 ostendimus,
342 3375 396 3434 sed
417 3372 491 3450 quid
510 3372 587 3432 inter
608 3392 640 3432 se
665 3371 802 3433 differant
824 3371 941 3448 planius
965 3369 1129 3431 dicendum

128 3484 182 3534 est.
226 3474 263 3532 In
288 3469 448 3549 partitione
469 3469 554 3549 quasi
576 3469 711 3530 membra
734 3480 811 3542 sunt,
834 3479 866 3529 ut
887 3466 1018 3546 corporis
1040 3480 1129 3546 caput

160 3623 317 3690 qneona¹
379 3639 412 3687 ²3
424 3633 451 3690 ut
459 3624 521 3674 illud
529 3623 581 3674 secl.
591 3621 712 3672 Fn'edn'ch
762 3637 791 3682 3¹
806 3630 890 3672 autem
899 3622 952 3672 secl.
961 3619 1107 3672 Lambinus
