2588 4178
291 208 350 270 DE
372 210 540 273 OPTIMO
563 213 738 272 GENERE
761 212 1005 275 ORATORVM
1132 229 1179 288 37

150 374 208 433 tale
236 376 324 450 quale
351 375 451 436 floruit
475 376 602 436 Athenis
613 398 622 451 ς
656 397 692 438 ex
717 397 777 454 quo
802 377 971 437 Atticomm
998 389 1150 439 oratorum

150 470 214 548 ipsa
228 470 272 530 vis
293 470 395 548 ignota
415 484 468 546 est,
484 484 556 534 nota
576 473 676 551 gloria.
720 477 800 535 Nam
821 477 946 535 altemm
967 474 1053 534 multi
1071 475 1151 536 vide-

149 578 225 639 runt,
241 566 340 629 vitiosi
360 568 435 629 nihil
455 572 536 648 apud
558 591 610 632 eos
631 591 704 644 esse,
725 574 850 631 alterum
872 570 968 649 pauci,
988 571 1150 632 laudabilia

148 684 214 725 esse
236 668 336 726 multa
381 669 435 726 Est
458 667 538 728 enim
560 667 700 728 vitiosum
721 668 753 728 in
775 667 930 740 sententia,
957 668 982 728 si
1004 668 1077 746 quid
1099 669 1150 728 ab

118 785 132 835 5
149 756 272 822 surdum
286 775 338 823 aut
358 763 489 825 alienum
504 777 555 825 aut
576 786 638 826 non
652 777 774 826 acutum
795 777 847 825 aut
865 765 1069 826 subinsulsum
1086 778 1150 839 est,·

148 859 179 920 in
207 860 304 921 verbis
332 861 356 922 si
384 861 582 940 inquinatum,
609 864 633 924 si
661 864 820 949 abiectum,
847 863 872 923 si
901 884 962 924 non
986 876 1098 942 aptum,
1124 864 1148 924 si

148 959 265 1032 durum,
281 958 307 1019 si
325 962 414 1038 longe
430 960 566 1037 petitum.
611 964 699 1022 Haec
715 961 884 1022 vitaverunt
897 963 958 1022 fere
977 981 1082 1022 omnes
1096 962 1177 1039 quis

147 1067 199 1115 aut
212 1056 305 1116 Attici
326 1070 520 1119 numerantur
533 1070 585 1119 aut
604 1058 709 1120 dicunt
723 1058 831 1120 Attice.
875 1061 935 1120 Sed
954 1058 1006 1137 qui
1026 1071 1148 1120 eatenus

147 1156 310 1226 valuemnt,
341 1154 405 1214 sani
433 1166 463 1215 et
488 1155 559 1215 sicci
587 1158 741 1217 dumtaxat
769 1157 942 1227 habeantur,
969 1157 1023 1216 sed
1047 1156 1089 1216 ita
1115 1167 1148 1215 ut

103 1267 133 1302 10
147 1251 351 1328 palaestritae;
376 1252 499 1331 spatiari
517 1253 548 1312 in
571 1266 656 1332 xysto
680 1266 713 1315 ut
737 1254 832 1325 liceat,
857 1274 919 1313 non
939 1254 979 1314 ab
1001 1253 1149 1331 Olympiis

147 1365 289 1405 coronam
310 1357 422 1424 petant.
466 1346 527 1423 Qui
552 1369 621 1408 cum
646 1359 765 1408 careant
786 1347 870 1407 omni
890 1347 971 1421 vitio,
993 1367 1056 1408 non
1079 1358 1148 1407 sunt

147 1442 281 1503 contenti
295 1443 380 1521 quasi
394 1445 474 1505 bona
487 1445 667 1519 valetudine,
683 1448 736 1506 sed
751 1444 818 1505 viris
832 1447 958 1506 lacertos
972 1444 1147 1522 sanguinem

147 1552 302 1617 quaerunt,
326 1544 479 1620 quandam
507 1543 596 1604 etiam
625 1543 800 1603 suavitatem
828 1542 944 1602 coloris.
996 1546 1057 1602 Eos
1085 1542 1148 1602 imi-

146 1649 252 1712 temur,
276 1638 301 1699 si
321 1649 481 1717 possumus
491 1664 499 1716 ;
524 1641 548 1702 si
570 1641 676 1715 minus,
697 1640 763 1701 illos
785 1641 884 1719 potius
905 1640 957 1718 qui
977 1640 1148 1719 incorrupta

104 1752 133 1802 ¹5
146 1736 273 1798 sanitate
300 1750 378 1812 sunt,
404 1740 488 1817 quod
518 1750 566 1805 est¹
594 1739 746 1818 proprium
774 1737 951 1809 Atticorum,
975 1758 1066 1815 quam
1095 1758 1147 1799 eos

146 1855 274 1912 quorum
302 1835 408 1896 vitiosa
433 1837 619 1897 abundantia
642 1848 696 1910 est,
719 1835 815 1913 qualis
836 1835 910 1896 Asia
933 1838 1043 1895 multos
1071 1835 1146 1895 tulit.

146 1934 239 2008 Quod
260 1941 330 1993 cum
351 1933 561 1994 faciemus—si
581 1936 674 1994 modo
695 1933 726 1995 id
745 1932 844 2010 ipsum
865 1934 1081 2010 adsequemur;
1102 1943 1175 2011 est9

147 2029 228 2089 enim
242 2049 478 2107 permagnum—
488 2031 646 2104 imitemur,
662 2030 687 2091 si
700 2029 894 2109 potuerimus,
905 2029 1024 2106 Lysiam
1039 2040 1069 2089 et
1083 2029 1147 2090 eius

147 2127 271 2204 quidem
299 2127 474 2188 tenuitatem
509 2128 717 2208 potissimum;
751 2138 796 2188 est
828 2126 909 2187 enim
942 2126 1042 2187 multis
1073 2126 1146 2187 locis

102 2244 133 2278 20
146 2224 293 2302 grandior,
306 2227 360 2286 sed
374 2225 445 2303 quia
459 2237 489 2286 et
503 2226 629 2304 privatas
643 2225 693 2286 ille
712 2228 867 2303 plerasque
881 2235 911 2284 et
925 2244 975 2284 eas
989 2224 1067 2302 ipsas
1081 2223 1146 2284 aliis

146 2334 176 2382 et
197 2342 352 2400 parvarum
374 2343 471 2383 rerum
493 2326 628 2384 causulas
649 2322 773 2400 scripsit,
788 2321 905 2382 videtur
926 2341 991 2383 esse
1011 2321 1144 2392 ieiunior,

146 2440 215 2481 cum
248 2440 280 2481 se
307 2420 371 2499 ipse
402 2424 541 2487 consulto
571 2423 610 2482 ad
642 2421 822 2481 minutarum
854 2439 1010 2480 causarum
1039 2439 1147 2497 genera

145 2517 297 2578 limaverit.
341 2521 434 2594 Quod
455 2520 507 2596 qui
528 2519 568 2580 ita
589 2519 685 2592 faciet,
708 2527 748 2592 ut,
767 2518 792 2577 si
811 2516 912 2595 cupiat
933 2517 1051 2577 uberior
1071 2537 1180 2598 esse,4

145 2636 207 2676 non
223 2616 326 2694 possit,
341 2617 485 2677 habeatur
499 2637 571 2678 sane
586 2631 691 2688 orator,
708 2618 762 2678 sed
776 2617 815 2676 de
832 2614 1015 2689 minoribus3
1037 2635 1146 2693 magno

100 2735 130 2783 ²5
145 2725 246 2773 autem
267 2713 376 2774 oratori
397 2713 487 2774 etiam
508 2714 560 2775 illo
582 2716 674 2775 modo
693 2734 782 2791 saepe
799 2713 963 2776 dicendum
983 2723 1028 2773 est
1044 2712 1075 2771 in
1095 2711 1146 2772 tali

145 2831 253 2888 genere
267 2831 431 2872 causamm.
476 2814 523 2873 Ita
537 2815 570 2872 fit
585 2823 617 2874 ut
632 2813 853 2873 Demosthenes
866 2821 947 2871 certe
961 2809 1054 2888 possit
1068 2829 1146 2870 sum·
1161 2835 1191 2869 ro

146 2908 235 2969 misse
249 2909 357 2982 dicere,
373 2912 449 2970 elate
461 2909 563 2987 Lysias
577 2912 777 2970 fortasse‘non
792 2908 893 2986 possit.
923 2909 984 2968 Sed
998 2907 1022 2967 si
1037 2909 1146 2967 eodem

146 3009 239 3066 modo
260 3017 367 3085 putant
386 3007 516 3068 exercitu
535 3007 566 3067 in
581 3010 645 3067 soro
666 3018 696 3067 et
715 3007 746 3066 in
768 3005 908 3066 omnibus
925 3004 1053 3082 templis,
1069 3023 1146 3081 quae

145 3103 257 3163 circum
271 3105 369 3163 forum
390 3116 468 3177 sunt,
484 3108 643 3165 conlocato
659 3103 719 3166 dici
740 3124 794 3182 pro
815 3103 931 3163 Milone
952 3103 1097 3175 decuisse,
1113 3114 1147 3162 ut

97 3217 130 3263 30
143 3198 168 3259 si
180 3201 219 3260 de
229 3220 260 3260 re
274 3200 388 3279 privata
397 3203 437 3261 ad
448 3222 542 3262 unum
553 3201 684 3263 iudicem
696 3201 872 3273 diceremus,
882 3199 942 3258 vim
957 3197 1146 3276 eloquentiae

177 3370 188 3403 r
207 3371 240 3403 ex
251 3371 303 3418 quo
313 3355 382 3405 codd
395 3374 401 3404 z
418 3357 488 3419 atqui
499 3356 606 3405 Hedicke
673 3356 689 3402 8
705 3355 749 3417 qui
761 3362 868 3403 eatenus
880 3353 1042 3402 Gulielmius:
1057 3360 1144 3416 quate-

143 3435 191 3468 nus
203 3420 270 3470 codd.
341 3437 372 3470 10
388 3429 414 3470 at
427 3436 479 3469 non
491 3422 596 3470 Hedicke
669 3435 698 3481 13
715 3427 844 3482 quaerunt
855 3419 923 3482 vulg.
935 3436 942 3466 r
959 3424 1086 3480 quaerant
1099 3417 1148 3465 GP

146 3501 175 3544 14
192 3484 215 3533 si
227 3487 311 3535 minus
324 3485 383 3534 GP:
402 3487 441 3534 sin
454 3486 539 3535 minus
550 3488 617 3551 vulg.
732 3501 764 3534 ao
782 3485 852 3548 ipsas
865 3483 920 3532 aliis
932 3484 1001 3546 vulg.
1014 3500 1019 3531 :
1038 3483 1106 3544 ipsas
1118 3490 1145 3530 et

143 3551 207 3598 alias
218 3551 284 3601 codd.
360 3566 391 3599 22
408 3567 437 3600 se
449 3552 506 3614 ipse
518 3553 586 3617 vulg.
599 3569 605 3600 r
622 3567 652 3600 se
660 3550 717 3614 ipso
730 3550 779 3601 GP
850 3565 882 3611 23
900 3549 976 3598 saciet
987 3554 1015 3596 ut
1027 3549 1048 3596 si
1060 3547 1144 3612 ναῖε.»

142 3616 252 3665 sacietsi
266 3615 315 3666 GP

1034 3693 1081 3742 15*
