2588 4178
560 212 725 274 BRVTVS
1102 219 1143 282 54
1159 226 1205 280 ¹99

142 379 291 457 optimum
312 379 350 440 sit
366 379 518 458 intellegit.
561 381 641 441 Nam
663 380 737 441 illud
758 380 841 457 quod
860 378 973 457 populo
994 396 1056 438 non
1078 396 1143 454 pro

142 479 229 537 batur
251 498 290 538 ne
311 477 494 554 intellegenti
515 477 638 555 quidem
662 476 791 538 auditori
811 474 929 554 probari
950 485 1057 553 potest.
1101 476 1142 532 Vt

141 574 224 634 enim
240 595 276 634 ex
297 593 455 634 nervorum
476 594 552 634 sono
573 574 604 632 in
626 575 736 634 fidibus
757 592 847 651 quam
869 571 995 633 scienter
1015 571 1044 631 ei
1065 570 1142 649 pulsi

142 671 201 731 sint
222 671 353 749 intellegi
376 673 471 732 solet:
501 671 543 731 sic
564 692 600 732 ex
620 671 789 731 animorum
811 682 895 731 motu
919 668 1048 730 cernitur
1068 667 1142 746 quid

113 770 304 845 5tractandis
325 768 372 829 his
393 768 527 847 perficiat
548 781 654 829 orator.
699 771 805 846 Itaque
825 766 999 844 intellegens
1020 765 1142 827 dicendi
1157 789 1204 826 200

142 862 334 936 existimator,
364 882 425 922 non
453 861 595 922 adsidens
622 871 652 922 et
679 863 802 922 adtente
835 859 969 932 audiens,
999 861 1052 919 sed
1081 878 1142 919 uno

141 971 264 1038 aspectu
292 971 323 1020 et
349 946 529 1037 praeteriens
558 959 596 1018 de
623 969 740 1018 oratore
767 977 856 1035 saepe
883 957 1004 1023 iudicat.
1051 955 1143 1016 Videt

141 1055 319 1116 oscitantem
341 1054 482 1129 iudicem,
496 1056 670 1132 loquentem
688 1073 758 1114 cum
775 1056 877 1126 altero,
893 1073 955 1114 non
976 1071 1141 1130 numquam

142 1151 233 1212 etiam
254 1151 456 1224 circulantem,
473 1151 640 1211 mittentem
659 1152 700 1211 ad
721 1152 817 1224 horas,
833 1150 1032 1228 quaesitorem
1049 1160 1081 1209 ut
1101 1149 1142 1209 di·

97 1281 129 1317 10
143 1248 242 1308 mittat
255 1260 427 1326 rogantem:
448 1247 592 1326 intellegit
602 1259 748 1308 oratorem
763 1247 795 1307 in
805 1268 841 1309 ea
851 1267 941 1308 causa
951 1267 1013 1307 non
1026 1248 1140 1318 adesse,

142 1345 195 1425 qui
217 1346 311 1424 possit
332 1344 440 1405 animis
463 1345 597 1406 iudicum
619 1347 780 1406 admovere
800 1345 965 1406 orationem
988 1357 1141 1422 tamquam

142 1443 252 1505 fidibus
270 1462 401 1503 manum.
446 1444 533 1503 Idem
554 1442 579 1502 si
599 1443 778 1521 praeteriens
799 1442 944 1520 aspexerit
964 1452 1078 1503 erectos
1099 1441 1142 1501 in-

143 1541 253 1603 tuentis
267 1541 390 1614 iudices,
401 1552 434 1601 ut
447 1553 498 1600 aut
510 1540 611 1601 doceri
622 1542 661 1601 de
672 1560 703 1601 re
714 1540 806 1618 idque
817 1539 906 1600 etiam
918 1543 1000 1600 vultu
1016 1540 1142 1617 probare

142 1638 307 1711 videantur,
322 1648 373 1697 aut
388 1649 421 1698 ut
434 1657 520 1698 avem
534 1649 624 1698 cantu
638 1637 739 1715 aliquo
753 1637 795 1697 sic
809 1637 876 1698 illos
889 1637 995 1698 viderit
1008 1637 1142 1699 oratione

97 1769 127 1818 15
142 1736 228 1814 quasi
242 1755 403 1814 suspensos
417 1735 511 1798 teneri
524 1745 586 1809 ant,
594 1736 625 1796 id
640 1738 723 1813 quod
737 1735 865 1796 maxime
879 1756 955 1815 opus
969 1748 1022 1808 est
1033 1735 1143 1796 miseri-

143 1834 246 1895 cordia
255 1833 327 1894 odio
339 1846 422 1893 motu
433 1832 525 1893 animi
535 1833 636 1911 aliquo
646 1834 833 1911 perturbatos
843 1854 908 1894 esse
919 1832 1125 1901 vehementius
1137 1856 1143 1892 :

143 1953 179 1993 ea
193 1931 217 1991 si
232 1930 422 2009 praeteriens,
436 1941 469 1990 ut
485 1929 556 2005 dixi,
569 1930 723 2008 aspexerit,
739 1929 763 1990 si
782 1930 856 1990 nihil
872 1930 1025 2003 audiverit,
1041 1941 1142 1990 tamen

143 2041 291 2089 oratorem
310 2028 418 2088 versari
436 2028 467 2087 in
486 2028 537 2088 illo
556 2027 668 2089 iudicio
687 2039 717 2088 ct
735 2048 812 2105 opus
828 2028 988 2089 oratorium
1008 2028 1071 2089 fieri
1092 2040 1143 2088 aut

144 2129 310 2205 perlectum
325 2126 384 2186 iam
398 2146 463 2186 esse
477 2127 611 2202 profecto
626 2125 784 2204 intelleget.

99 2257 133 2292 20
186 2225 265 2285 Cum
290 2226 366 2284 haec
390 2222 601 2295 disseruissem,
628 2235 752 2300 uterque
776 2224 921 2283 adsensus
945 2234 1008 2297 est;
1036 2233 1067 2283 et
1087 2241 1143 2300 ego

145 2334 299 2399 tamquam
326 2322 366 2382 de
392 2320 507 2399 integro
529 2320 666 2382 ordiens:
697 2322 839 2396 Quando¹
852 2319 947 2398 igitur,
971 2320 1102 2398 inquam,
1125 2341 1144 2380 a

145 2421 236 2482 Cotta
249 2430 279 2479 et
293 2418 425 2496 Sulpicio
440 2421 514 2478 haec
533 2417 631 2478 omnis
650 2417 734 2478 fluxit
748 2417 852 2493 oratio,
860 2438 929 2479 cum
945 2421 1000 2478 hos
1015 2418 1143 2478 maxime

144 2517 256 2578 iudicio
270 2517 388 2576 illorum
403 2516 560 2577 hominum
575 2527 604 2575 et
619 2515 697 2575 illius
710 2516 815 2576 aetatis
834 2516 974 2577 dixissem
991 2517 1140 2592 probatos,

145 2626 272 2674 revertar
295 2615 335 2674 ad
357 2634 409 2674 eos
432 2613 531 2691 ipsos,
555 2624 620 2672 tum
641 2612 779 2690 reliquos,
802 2624 835 2673 ut
856 2613 977 2686 institui,
1000 2612 1143 2691 deinceps

100 2745 130 2795 ²5
144 2732 312 2791 persequar.
356 2712 508 2788 Quoniam
533 2710 603 2790 ergo
624 2723 775 2773 oratorum
796 2712 1041 2772 bonorum-hos
1062 2712 1142 2771 enim

144 2810 418 2887 quaerimus-duo
440 2830 549 2888 genera
572 2821 649 2882 sunt,
674 2829 768 2869 unum
795 2820 947 2869 attenuate
973 2829 1141 2886 presseque,

143 2909 269 2968 alterum
297 2909 413 2968 sublate
436 2910 595 2985 ampleque
619 2906 803 2981 dicentium;
834 2905 889 2966 etsi
914 2906 945 2967 id
970 2906 1074 2966 melius
1100 2919 1144 2967 est

145 3008 228 3082 quod
249 3004 435 3083 splendidius
456 3015 486 3064 et
505 3003 750 3081 magnificentius,
766 3016 867 3063 tamen
886 3002 916 3062 in
936 3003 1024 3064 bonis
1043 3003 1144 3064 omnia

145 3123 222 3181 quae
241 3123 358 3162 summa
379 3113 448 3162 sunt
462 3101 524 3161 iure
539 3102 704 3161 laudantur.
747 3103 808 3162 Sed
827 3102 960 3161 cavenda
978 3113 1023 3160 est
1042 3121 1144 3179 presso
1160 3138 1204 3173 202

99 3231 132 3278 30
144 3201 187 3261 illi
201 3199 309 3260 oratori
323 3199 425 3277 inopia
439 3211 468 3259 et
485 3197 630 3272 ieiunitas,
646 3201 747 3276 amplo
761 3194 863 3259 autem
882 3197 1017 3258 inflatum
1037 3210 1066 3259 et
1083 3218 1145 3260 cor-

1155 2185 1195 2246 ⁵5

1158 2277 1202 2311 201

178 3371 194 3404 a
210 3356 322 3405 auditori
333 3356 385 3406 secl.
398 3355 496 3418 Kayser
569 3370 599 3403 10
615 3362 743 3403 oratorem
754 3355 806 3405 secl.
825 3353 935 3404 Weidner
1017 3370 1045 3416 13
1062 3363 1089 3403 ut
1100 3365 1144 3405 aut

145 3422 178 3470 L:
195 3431 239 3471 aut
249 3423 302 3470 secl.
315 3421 419 3471 Martha
507 3435 546 3480 aa,
559 3435 591 3482 23
603 3422 712 3468 maxime
723 3437 781 3469 cum
794 3437 849 3469 meo
859 3421 952 3470 iudicio
964 3429 1018 3470 tum
1029 3423 1143 3471 omnium

145 3488 214 3536 illius
233 3489 325 3537 aetatis
346 3486 489 3535 Eberhard:
516 3489 627 3534 maxime
644 3487 736 3535 iudicio
760 3487 859 3535 illorum
883 3488 998 3535 omnium
1016 3488 1143 3552 [et'illius

144 3553 249 3619 aetatis]
261 3552 382 3602 Manha:
398 3553 508 3602 maxime
520 3559 541 3601 ct
552 3568 606 3599 mro
617 3559 643 3600 et
654 3553 767 3600 omnium
779 3558 805 3600 et
817 3552 885 3601 illius
896 3553 988 3601 aetatis
1000 3554 1144 3602 oratoribus

141 3619 214 3680 Jahn
