2588 4178
556 172 715 270 soalon
1092 214 1182 283 2076

138 377 330 437 Palamedem
357 373 495 436 coniecta
521 373 725 453 suspicionum
752 373 929 453 proditionis
957 373 1136 448 multitudo;

138 476 221 551 quod
244 494 338 552 genus
362 475 488 534 refutare
512 472 662 534 interdum
682 471 789 533 veritas
812 471 861 532 vix
884 483 991 549 potest
1035 473 1136 533 Huius

138 572 228 633 etiam
249 583 294 633 est
317 571 433 650 generis
453 572 533 632 fama
553 570 641 649 vulgi,
663 571 817 648 quoddam
839 569 1037 631 multitudinis
1058 571 1136 631 testi-

139 669 283 730 monium.
327 671 414 746 Quae
437 679 537 730 autern
558 667 665 728 virtute
693 668 785 728 fidem
809 667 922 728 faciunt
942 687 978 728 ea
998 666 1136 745 bipertita

109 780 228 842 nsunt,
258 788 293 828 ex
318 767 427 845 quibus
451 769 575 827 alterum
600 776 705 825 natura
728 767 806 826 valet
829 767 954 826 alterum
982 763 1133 825 industria

142 866 277 926 Deorum
312 865 393 927 enim
425 865 516 925 virtus
551 874 655 924 natura
687 863 811 937 excellit,
845 862 1002 924 hominum
1035 875 1135 924 autern

138 963 291 1024 industria.
344 963 454 1024 Divina
485 964 559 1023 baec
591 963 652 1023 sere
684 974 754 1023 sunt
785 960 972 1023 testimonia:
1007 960 1136 1039 primum
1152 976 1182 1029 77

137 1061 462 1123 orationis-oracula
482 1060 563 1122 enirn
584 1080 620 1120 ex
641 1079 678 1120 eo
699 1059 766 1137 ipso
785 1061 933 1137 appellata
953 1070 1032 1132 sunt,
1054 1060 1137 1136 quod

139 1159 217 1218 inest
238 1156 296 1240 [in]
319 1159 365 1219 his
386 1161 510 1220 deorum
531 1156 699 1231 oratio—3
721 1155 833 1217 deinde
851 1175 959 1231 rerum,
977 1154 1008 1215 in
1027 1156 1137 1234 quibus

96 1283 126 1318 ιο
139 1257 241 1318 insunt
260 1257 345 1335 quasi
364 1259 512 1335 quaedam
526 1275 617 1334 opera
635 1254 754 1316 divina:
775 1255 904 1333 primum
923 1254 987 1333 ipse
1006 1256 1137 1316 mundus

138 1355 263 1433 eiusque
291 1354 389 1416 omnis
417 1357 491 1415 ordo
519 1365 548 1416 et
576 1364 697 1414 ornatus
708 1375 716 1428 3
750 1353 891 1431 deinceps
923 1352 994 1414 aerii
1018 1355 1137 1414 *volatus

138 1452 238 1513 avium
271 1466 361 1530 atque
391 1464 495 1513 cantus
506 1473 515 1527 3
548 1451 659 1513 deinde
691 1451 826 1513 eiusdem
859 1451 933 1513 aeris
966 1450 1080 1512 sonitus
1108 1464 1138 1525 et

138 1555 259 1611 ardores
279 1552 498 1627 multarumque
516 1570 614 1610 rerum
635 1549 666 1609 in
688 1560 763 1610 terra
784 1560 921 1626 portenta
938 1562 1029 1626 atque
1047 1548 1135 1609 etiam

139 1667 192 1725 per
206 1659 272 1708 exta
289 1634 409 1708 inuenta
428 1648 598 1726 praesensio
607 1670 617 1723 ;
636 1647 885 1709 adormientibus
904 1667 1025 1726 quoque
1044 1649 1137 1707 multa

96 1775 125 1825 ¹5
140 1744 305 1822 significata
318 1745 395 1806 visis.
440 1746 558 1821 Quibus
577 1766 613 1807 ex
631 1746 705 1807 locis
723 1746 801 1807 sumi
820 1745 970 1806 interdum
988 1747 1084 1805 solent
1098 1745 1136 1805 ad

138 1844 231 1904 fidem
255 1842 423 1903 faciendam
448 1842 618 1904 testimonia
641 1845 774 1904 deorum.
819 1845 856 1904 In
880 1842 1003 1904 homine
1023 1841 1137 1902 virtutis
1151 1850 1184 1914 78·

139 1940 243 2019 opinio
261 1942 339 2001 valet
359 1940 527 2019 plurimum.
572 1941 684 2019 Opinio
702 1953 747 2002 est
767 1952 867 2002 autem
889 1962 950 2001 non
973 1943 1065 2002 modo
1085 1959 1137 2000 eos

138 2039 278 2098 virtutem
303 2038 412 2099 habere
437 2038 488 2116 qui
516 2039 655 2113 habeant,
681 2040 735 2099 sed
763 2059 815 2100 eos
839 2038 929 2099 etiam
952 2038 1004 2116 qui
1028 2038 1138 2098 habere

139 2137 303 2198 videantur.
341 2138 448 2214 Itaque
462 2157 539 2214 quos
553 2137 684 2215 ingenio,
698 2157 773 2215 quos
788 2137 896 2210 studi0,
912 2157 988 2215 quos
1002 2136 1138 2197 doctrina

95 2267 127 2303 20
141 2235 291 2313 praeditos
302 2233 607 2313 videntquorumque
621 2235 711 2295 vitam
726 2246 914 2296 constantem
929 2248 959 2296 et
972 2235 1136 2312 probatam,

142 2346 174 2394 ut
196 2332 319 2395 Catonis
339 2334 422 2393 Laeli
442 2333 589 2411 Scipionis
608 2332 794 2410 aliorumque
813 2333 952 2411 plurium,
965 2344 1065 2392 rentur
1086 2351 1138 2391 eos

141 2451 206 2491 esse
227 2430 322 2507 qualis
347 2450 379 2491 se
397 2430 454 2509 ipsi
467 2431 578 2506 velint;
599 2450 655 2491 nec
673 2432 771 2490 solum
786 2450 837 2491 eos
856 2442 979 2491 censent
993 2448 1058 2489 esse
1072 2428 1138 2487 talis

141 2527 192 2605 qui
218 2527 248 2586 in
273 2527 437 2588 honoribus
462 2528 565 2606 populi
589 2548 681 2606 reque
705 2528 825 2606 publica
848 2539 1009 2599 versantur,
1031 2526 1085 2585 sed
1109 2536 1138 2584 et

142 2636 272 2684 oratores
291 2637 320 2684 et
339 2625 535 2702 philosophos
554 2636 583 2685 et
602 2635 706 2703 poetas
725 2636 755 2685 et
773 2624 937 2698 historicos,
956 2642 992 2684 ex
1011 2640 1138 2699 quorum

97 2750 127 2800 ²5
142 2733 171 2782 et
192 2720 280 2782 dictis
301 2733 331 2782 et
351 2721 467 2799 scriptis
488 2742 577 2800 saepe
600 2721 759 2783 auctoritas
782 2721 891 2800 petitur
911 2721 951 2781 ad
971 2719 1138 2780 faciendam

141 2820 241 2880 fidem.

140 2960 141 2963 ,
183 2916 333 2993 Expositis
363 2915 504 2977 omnibus
535 2917 762 2993 argumentandi
794 2916 867 2978 locis
902 2915 976 2976 illud
1010 2915 1139 2993 primurn
1153 2888 1187 2997 ξι

142 3013 376 3090 intellegendum
390 3025 435 3074 est
449 3034 504 3075 nec
519 3016 610 3074 ullam
627 3034 692 3075 esse
706 3014 939 3091 disputationem
958 3013 989 3072 in
1004 3032 1064 3089 qua
1077 3033 1139 3073 non
1155 2983 1185 3033 ‘⁹

142 3109 248 3187 aliquis
276 3113 359 3170 locus
387 3110 524 3185 incurrat,
550 3132 607 3172 nec
630 3112 692 3172 fere
719 3111 816 3172 omnis
844 3113 927 3172 locos
952 3109 1084 3171 incidere
1108 3110 1139 3169 in

97 3231 129 3280 30
143 3226 265 3267 omnem
282 3207 488 3284 quaestionem
503 3220 532 3269 et
547 3208 726 3286 quibusdam
741 3207 966 3286 quaestionibus
984 3206 1059 3267 alios
1078 3205 1140 3283 qui-

142 3305 270 3365 busdam
282 3304 355 3363 alios
367 3324 431 3364 esse
442 3305 569 3383 aptiores
580 3309 670 3367 locos.
708 3304 926 3381 Quaestionum
938 3305 1000 3365 duo
1008 3322 1138 3380 genera:

143 3403 267 3461 alterum
285 3401 435 3462 infinitum
455 3403 611 3463 definitum
630 3405 763 3463 alterum.
808 3401 974 3462 Definitum
993 3412 1039 3461 est
1056 3403 1139 3479 quod

142 3499 276 3560 ὑπόθεσιν
304 3499 418 3572 Graeci,
446 3521 501 3560 nos
529 3520 649 3560 causam
660 3521 668 3576 ;
702 3499 851 3561 infinitum
880 3500 962 3578 quod
991 3499 1070 3561 θέσιν
1097 3498 1138 3559 illi

207 3653 224 3700 9
240 3637 266 3686 in
278 3637 304 3686 Α
318 3655 323 3686 :
341 3654 391 3686 om.
405 3638 473 3688 codd.
569 3640 601 3688 28
617 3638 644 3687 iu
664 3654 715 3702 qua
733 3637 818 3688 codd:
835 3638 861 3688 in
877 3651 952 3700 quam
964 3636 990 3685 A
1005 3636 1074 3700 vulgi.

1025 3717 1088 3773 17⁸*
