2588 4178
134 212 172 273 37
189 217 234 272 139
466 197 509 256 M.
532 197 661 256 Tvurr
683 196 915 258 crcuuorus

126 389 175 438 140
186 363 279 443 parati
298 365 337 424 ad
361 366 529 425 cavendum
551 364 649 425 fuisse.
692 367 793 426 Verba
817 364 882 443 ipsa
905 384 967 425 non
990 363 1040 448 illa
1064 362 1187 442 quidem

186 461 406 540 elegantissimo
435 462 715 540 sermone—itaque
743 462 900 540 diligenter
927 462 1071 539 loquendi
1099 463 1188 522 laude.

186 560 279 620 caruit
299 579 398 636 neque
412 570 512 619 tamen
534 571 579 619 est
595 560 760 620 admodum
782 559 937 637 inquinate
951 562 1118 631 locutus--,
1134 561 1188 618 sed

185 657 242 730 illa,
266 677 343 734 quae
364 656 482 735 propria
503 658 566 717 laus
587 655 711 717 oratoris
732 668 777 716 est
797 657 828 716 in
848 656 1067 728 verbis-nam
1089 656 1188 733 ipsum

186 754 292 814 Latine
307 754 389 831 loqui
409 765 454 814 est
467 754 541 814 illud
559 754 691 831 quidem,
707 766 740 814 ut
757 757 847 832 paulo
864 766 934 816 ante
949 754 1018 827 dixi,
1034 754 1065 813 in
1080 773 1189 832 magna
1203 777 1216 828 5

185 854 274 912 laude
288 853 472 928 ponendum,
489 855 542 912 sed
560 872 622 911 non
641 862 702 911 tam
720 837 778 911 ¹sua
799 863 906 929 sponte
928 871 1018 929 quam
1040 853 1124 928 quod
1143 862 1189 912 est

185 971 202 1009 a
216 950 365 1027 plerisque
379 952 566 1027 neglectum:
588 970 650 1010 non
670 950 749 1010 enirn
770 961 831 1010 tarn
853 952 1036 1027 praeclarum
1051 961 1096 1009 est
1113 949 1188 1010 scire

185 1048 291 1108 Latine
306 1068 395 1125 quam
411 1059 496 1126 turpe
514 1048 636 1120 nescire,
653 1067 751 1124 neque
765 1058 826 1107 tam
841 1047 872 1108 id
888 1046 962 1107 mihi
976 1048 1099 1108 oratoris
1114 1047 1188 1109 boni

185 1166 275 1222 quarn
290 1145 362 1204 civis
374 1144 505 1204 Romani
517 1145 668 1222 proprium
679 1144 796 1205 videtur
805 1146 909 1219 3-sed
923 1156 1025 1205 tamen
1036 1145 1187 1205 Antonius

184 1243 215 1302 in
236 1242 332 1303 verbis
354 1255 384 1302 et
408 1242 561 1319 eligendis,
582 1262 681 1320 neque
703 1242 734 1303 id
760 1243 858 1320 ipsum
882 1254 943 1303 tam
968 1243 1076 1320 leporis
1097 1263 1188 1304 causa
1203 1266 1234 1301 ιο

184 1360 275 1418 quarn
286 1339 435 1418 ponderis,
447 1351 476 1399 et
487 1339 681 1400 conlocandis
695 1351 724 1399 et
736 1339 1004 1419 comprehensione
1018 1340 1189 1401 devincien-

184 1437 231 1498 dis
245 1436 320 1497 nihil
334 1458 396 1497 non
415 1439 454 1498 ad
473 1437 618 1497 rationem
638 1450 668 1497 et
685 1449 839 1514 tamquam
857 1438 897 1498 ad
911 1449 1006 1497 artem
1021 1436 1187 1515 dirigebat,

184 1555 287 1594 verum
302 1537 397 1594 multo
417 1534 509 1611 magis
531 1537 589 1595 hoc
611 1535 692 1595 idern
714 1535 745 1594 in
767 1535 981 1594 sententiarum
1003 1535 1187 1596 ornamentis

125 1644 214 1711 141et
237 1632 531 1702 conformationibus.
576 1635 647 1708 Quo
669 1653 777 1710 genere
799 1632 870 1710 quia
891 1643 1021 1710 praestat
1045 1633 1186 1693 omnibus

186 1732 415 1801 Demosthenes,
432 1728 544 1790 idcirco
562 1750 581 1789 a
601 1730 698 1791 doctis
720 1742 870 1790 oratorum
892 1740 936 1790 est
958 1728 1095 1808 princeps
1113 1729 1232 1805 iudi-15

184 1837 276 1886 catus
330 1828 468 1906 Σχήματα
498 1826 578 1886 enirn
608 1847 685 1904 quae
712 1838 822 1887 vocant
850 1826 965 1900 Graeci,
995 1847 1030 1887 ea
1058 1826 1187 1887 maxime

184 1935 291 1986 ornant
306 1936 453 1985 oratorem
468 1945 563 2001 eaque
577 1945 639 1985 non
654 1936 714 1984 tam
730 1923 761 1984 in
775 1924 873 1985 verbis
894 1924 1052 2002 pingendis
1073 1924 1187 1984 habent

131 2029 170 2100 38
184 2023 304 2099 pondus
329 2041 419 2098 quam
442 2021 473 2080 in
496 2020 710 2081 inluminandis
735 2020 898 2081 sententiis.
942 2022 1002 2082 Sed
1025 2042 1094 2081 cunr
1112 2024 1187 2082 haec

185 2140 292 2196 magna
313 2120 344 2178 in
360 2118 494 2178 Antonio
516 2130 580 2177 turn
601 2118 680 2178 aetio
702 2117 855 2195 singularis
865 2141 874 2192 3
895 2139 972 2195 quae
992 2117 1016 2178 si
1030 2118 1187 2196 partienda

184 2229 229 2278 est
250 2217 280 2277 in
301 2229 418 2294 gestum
439 2228 528 2292 atque
549 2235 666 2289 vocem,
689 2227 790 2292 gestus
813 2227 874 2275 erat
898 2236 961 2276 non
982 2218 1073 2277 verba
1094 2217 1186 2295 expri-
1200 2239 1234 2275 20

185 2335 278 2387 menS,
300 2317 354 2374 sed
375 2334 444 2373 curn
466 2312 620 2373 sententiis
642 2333 826 2390 congruens:
856 2333 961 2373 manus
983 2313 1078 2373 umeri
1094 2316 1187 2374 latera

184 2411 338 2489 supplosio
352 2410 438 2489 pedis
452 2421 545 2470 status
560 2410 693 2470 incessus
709 2409 867 2488 omnisque
882 2422 981 2470 motus
991 2407 1074 2491 [cum
1089 2411 1187 2472 verbis

184 2508 399 2585 sententiisque
430 2505 633 2587 consentiens]
644 2529 652 2581 ;
687 2527 745 2567 vox
772 2527 961 2585 permanens,
988 2528 1091 2568 verum
1119 2510 1188 2570 sub-

184 2627 274 2666 rauca
287 2617 400 2665 natura.
444 2606 504 2664 Sed
519 2606 578 2664 hoc
592 2603 697 2663 vitium
708 2604 779 2664 huic
794 2604 846 2663 uni
860 2602 1021 2665 in'bonum
1036 2617 1189 2666 converte·

124 2734 170 2784 14²
185 2705 244 2765 bat.
303 2702 446 2763 Habebat
474 2701 554 2768 enim
583 2701 682 2762 flebile
710 2702 855 2779 quiddam
893 2698 936 2783 [in
965 2701 1186 2785 questionibus]
1203 2728 1231 2778 ²⁵

136 2859 140 2862 Α
183 2812 348 2880 aptumque
362 2821 431 2860 cum
446 2802 485 2860 ad
506 2802 604 2861 fidem.
619 2799 787 2860 faciendam
809 2811 872 2859 tum
893 2800 933 2860 ad
953 2799 1187 2861 misericordiam

183 2899 454 2959 commovendam:
484 2910 516 2957 ut
544 2918 646 2958 verum
671 2897 820 2957 videretur
847 2896 878 2955 in
906 2899 965 2957 hoc
994 2897 1079 2972 illud,
1103 2900 1188 2975 quod

185 2997 423 3056 Demosthenem
437 2996 535 3053 ferunt
549 2995 585 3067 ei,
602 2994 653 3072 qui
668 2993 862 3071 quaesivisset
877 2993 950 3071 quid
964 2993 1093 3071 primum
1108 3008 1188 3057 esset

184 3093 216 3152 in
252 3093 393 3166 dicend0,
419 3091 569 3152 actionem
580 3114 588 3165 ;
621 3091 695 3169 quid
728 3092 905 3165 secundum,
933 3091 1013 3152 idem
1045 3102 1075 3152 et
1104 3092 1187 3154 idem

184 3190 304 3251 tertium
323 3188 520 3267 respondisse.
565 3191 656 3249 Nulla
675 3209 720 3248 res
744 3188 837 3267 magis
859 3199 995 3268 penetrat
1016 3187 1046 3248 in
1068 3189 1187 3251 animos
1201 3212 1234 3262 30

218 3362 233 3406 3
250 3345 315 3395 sed.
331 3382 337 3396 .
352 3382 358 3394 .
374 3345 461 3394 verbis
472 3345 523 3393 secl.
536 3343 668 3392 Eberhard
800 3359 815 3403 4
832 3344 937 3405 propria
948 3342 1109 3393 Lambinus:
1126 3360 1187 3407 pro-

185 3413 241 3474 prie
253 3409 276 3458 L
388 3426 414 3458 11
433 3410 664 3472 comprehensione
677 3409 726 3457 md.
741 3408 801 3457 dea:
818 3410 1010 3471 compressione
1021 3411 1044 3458 L
1156 3425 1187 3474 17

184 3485 311 3526 oratorem
324 3477 364 3524 L:
387 3477 533 3524 orationem
544 3473 688 3523 Lambinus
753 3489 835 3535 eaque
852 3473 895 3523 L:
917 3490 984 3535 quae
993 3476 1082 3535 Jahn:
1107 3484 1187 3538 atque

184 3542 278 3604 Stangl
386 3557 426 3603 aa,
440 3557 472 3601 23
489 3557 547 3590 curn
566 3577 573 3591 .
592 3577 599 3590 .
620 3576 626 3589 .
648 3541 816 3589 consentiens
827 3541 879 3588 secl.
893 3538 987 3589 &aaa
1109 3557 1141 3603 25
1159 3543 1186 3591 in

185 3607 362 3669 questionibus
376 3608 429 3656 secl.
445 3605 573 3656 Weidner:
590 3605 816 3667 conquestionibus
828 3605 920 3654 maluit
928 3603 1072 3655 Lambinus
1152 3621 1187 3668 30

187 3673 256 3720 nulla
267 3670 306 3720 L:
325 3688 372 3722 nec
384 3673 436 3721 ulla
446 3663 554 3722 Schenkl
