2588 4178
164 189 206 248 σε
221 211 269 265 209
496 191 539 252 M.
562 190 690 250 TVLLI
712 173 947 252 cressonis

218 365 265 414 tur
276 376 285 429 ;
306 353 435 415 detrahit
454 367 606 432 praeterea
625 353 751 415 actionis
772 356 916 428 dolorem,
938 354 1033 414 aufert
1053 354 1222 413 humanum

218 473 339 514 sensum
353 453 505 526 auditoris,
520 452 598 513 tollit
611 448 746 513 funditus
759 451 913 512 veritatem
927 463 958 512 et
972 452 1072 512 fidem.

259 553 319 612 Sed
347 549 490 628 quoniam
518 550 691 611 adhibenda
723 570 786 610 non
813 569 987 627 numquam
1007 561 1060 622 est,
1090 548 1222 627 primum

217 646 381 710 videndum
399 659 444 708 est
458 668 520 726 quo
533 651 610 723 loco,
626 647 737 709 deinde
750 668 841 726 quarn
856 647 908 709 diu
924 647 1081 708 retinenda
1094 646 1140 720 sit,
1156 657 1222 707 tum

156 775 205 810 210
218 759 292 823 quot
310 746 408 808 modis
421 748 648 808 commutanda.
691 746 876 807 Adhibenda
895 756 940 807 est
957 744 1045 824 igitur
1061 762 1250 812 numerosas

217 843 319 916 oratio,
346 844 371 904 si
394 855 446 905 aut
467 846 651 905 laudandum
676 856 722 905 est
748 843 862 922 aliquid
884 843 1024 917 ornatius,
1049 854 1090 905 ut,
1104 863 1162 904 nos
1189 842 1222 902 in

216 942 414 1002 accusationis
428 945 563 1003 secundo
576 944 616 1003 de
630 943 748 1004 Siciliae
766 944 855 1004 laude
868 941 1005 1015 diximus
1021 952 1054 1002 ut
1068 940 1099 1001 in
1114 952 1223 1002 senatu

217 1040 256 1100 de
270 1043 426 1100 consulatu
441 1060 518 1112 meo,
534 1051 586 1100 aut
604 1042 783 1118 exponenda
800 1039 937 1112 narratio,
953 1059 1031 1118 quae
1044 1041 1112 1118 plus
1126 1038 1224 1116 digni·

216 1137 283 1197 tatis
304 1137 454 1199 desiderat
474 1158 565 1216 quam
586 1138 705 1213 doloris,
728 1149 761 1199 ut
779 1138 812 1198 in
834 1149 940 1216 quarto
960 1136 1160 1198 accusationis
1181 1138 1223 1197 de

217 1235 376 1296 Hennensi
391 1238 506 1308 Cerere,
523 1238 562 1297 de
579 1238 740 1314 Segestana
755 1237 861 1309 Diana,
877 1238 916 1297 de
931 1239 1140 1314 Syracusarum
1160 1234 1222 1296 situ
1236 1243 1265 1282 ¹0

216 1332 352 1394 diximus.
393 1336 488 1412 Saepe
502 1333 593 1395 etiam
606 1333 638 1393 in
651 1333 863 1411 amplificanda
876 1354 908 1395 re
922 1354 1067 1395 concessu
1082 1332 1222 1393 omnium

214 1431 349 1491 funditur
372 1451 531 1492 numerose
558 1443 588 1492 et
611 1432 781 1509 volubiliter
808 1432 910 1493 oratio.
955 1433 992 1492 Id
1016 1451 1072 1492 nos
1094 1433 1223 1492 fortasse

215 1548 276 1588 non
300 1528 486 1606 perfecimus,
510 1528 611 1589 conati
637 1528 761 1607 quidem
785 1529 958 1608 saepissime
980 1548 1083 1589 sumus
1092 1550 1104 1603 .;
1135 1530 1221 1606 quod

214 1625 348 1703 plurimis
363 1625 436 1686 locis
450 1625 652 1704 perorationes
666 1639 785 1688 nostrae
799 1626 928 1688 voluisse
941 1647 998 1687 nos
1011 1637 1102 1705 atque
1115 1625 1221 1688 animo

214 1723 406 1784 contendisse
433 1725 592 1784 declarant.
645 1725 683 1785 Id
710 1735 811 1785 autem
838 1736 903 1785 tum
927 1727 1005 1786 valet
1025 1744 1095 1786 cum
1120 1723 1145 1785 is
1166 1723 1221 1802 qui
1236 1735 1262 1785 ¹⁵

214 1821 298 1882 audit
311 1822 350 1882 ab
365 1832 481 1882 oratore
494 1821 553 1883 iam
569 1823 708 1883 obsessus
721 1833 767 1884 est
781 1843 816 1883 ac
835 1835 959 1885 tenetur.
1004 1825 1076 1884 Non
1090 1822 1172 1883 enim
1187 1823 1220 1884 id

213 1919 274 1996 agit
294 1930 327 1978 ut
346 1919 502 1981 insidietur
522 1932 553 1980 et
573 1921 719 1994 observet,
735 1923 789 1983 sed
807 1921 867 1982 iam
888 1923 967 1982 favet
983 1940 1219 1999 processumque

213 2019 276 2077 vult
287 2016 469 2096 dicendique
477 2018 538 2079 vim
546 2018 697 2080 admirans
708 2040 771 2080 non
781 2019 910 2098 anquirit
924 2019 998 2098 quid
1008 2021 1217 2098 reprehendat

153 2142 196 2179 211
215 2116 301 2175 Haec
318 2127 419 2176 autem
438 2118 533 2176 forma
551 2116 707 2178 retinenda
726 2139 790 2179 non
810 2118 862 2179 diu
882 2128 934 2191 est,
951 2138 1008 2179 nec
1024 2117 1095 2178 dico
1108 2105 1219 2195 inper-

213 2212 354 2287 oratione,
379 2232 470 2290 quam
498 2213 594 2291 ipsam
621 2214 755 2289 includit,
785 2217 839 2277 sed
867 2215 899 2276 in
926 2215 1068 2277 orationis
1095 2214 1217 2292 reliquis
1231 2224 1260 2261 ²0

212 2309 353 2387 partibus.
394 2313 474 2371 Nam
489 2331 558 2372 curn
574 2311 613 2372 sis
627 2312 669 2373 eis
684 2312 758 2373 locis
774 2333 846 2374 usus
859 2313 969 2391 quibus
984 2312 1103 2373 ostendi
1118 2312 1215 2385 licere,

212 2409 416 2468 transferenda
437 2420 500 2469 tota
525 2408 618 2470 dictio
642 2421 687 2471 est
710 2412 750 2471 ad
770 2410 821 2472 illa
841 2430 918 2488 quae
939 2409 1042 2471 nescio
1062 2430 1125 2484 cur,
1145 2430 1216 2470 cum

212 2505 319 2567 Graeci
340 2507 471 2584 κόμματα
491 2517 521 2567 et
541 2513 618 2568 κῶλα
636 2508 802 2582 nominent,
817 2529 874 2569 nos
894 2529 957 2570 non
974 2521 1054 2569 recte
1071 2507 1165 2568 incisa
1185 2518 1216 2570 et

212 2605 347 2664 membra
361 2604 505 2666 dicamus.
549 2608 657 2683 Neque
676 2606 756 2667 enim
776 2626 842 2668 esse
862 2617 988 2684 possunt
1001 2606 1090 2669 rebus
1104 2605 1215 2684 ignotis

211 2713 283 2761 nota
296 2701 428 2775 nomina,
440 2704 492 2764 sed
507 2723 577 2764 cum
591 2705 681 2765 verba
694 2714 746 2764 aut
760 2704 912 2765 suavitatis
925 2714 977 2765 aut
991 2703 1110 2782 inopiae
1124 2724 1215 2765 causa
1229 2725 1258 2776 25

212 2801 367 2860 transferre
386 2795 544 2874 soleamus,
560 2801 591 2861 in
608 2802 750 2862 omnibus
770 2804 829 2863 hoc
848 2805 881 2862 fit
899 2802 1020 2876 artibus,
1035 2813 1076 2875 ut,
1092 2822 1163 2862 cum
1183 2802 1215 2864 id

210 2899 423 2975 appellandum
441 2899 479 2960 sit
495 2901 578 2977 quod
595 2911 715 2980 propter
735 2921 833 2962 rerum
851 2900 1069 2979 ignorationem
1083 2899 1216 2977 ipsarum

244 3067 259 3098 a
277 3051 400 3101 auditoris
412 3053 571 3116 Heerdegen:
588 3057 682 3105 actoris
692 3055 755 3104 m:
774 3056 887 3105 auctoris
899 3055 955 3103 ΡΜ
1058 3058 1075 3105 6
1091 3062 1121 3104 ut
1130 3057 1216 3118 aula:

211 3122 254 3164 aut
266 3116 289 3163 L
388 3120 404 3165 8
421 3118 529 3169 meoL:
546 3121 597 3170 secl.
608 3137 658 3169 non
669 3121 736 3170 nulli
741 3138 747 3172 :
764 3121 909 3170 nostroalr‘s'
1003 3136 1020 3181 9
1037 3121 1167 3170 desiderat
1179 3121 1215 3170 L:

211 3181 342 3230 desideret
361 3182 461 3232 Emesls'
559 3189 589 3235 18
605 3187 720 3248 anquirit
740 3185 807 3235 codd.
828 3186 901 3235 deta:
928 3186 1039 3248 adquirit
1058 3185 1149 3234 FPM:
1175 3203 1216 3237 ac·

210 3247 295 3307 quirat
314 3247 362 3296 0¹:
391 3249 499 3311 acquirit
519 3250 552 3299 0²
667 3253 842 3315 reprehendat
863 3253 952 3316 vulg.:
976 3253 1123 3315 prehendat
1143 3250 1201 3300 OM
1207 3270 1214 3303 ε

211 3313 320 3372 prendat
332 3313 380 3361 FP
498 3331 528 3376 19
545 3332 593 3366 nec
606 3317 663 3366 dico
675 3318 714 3366 L:
732 3333 785 3366 non
798 3317 856 3366 dico
867 3315 969 3380 Sauppe
1088 3333 1121 3366 ao
1136 3332 1216 3379 quam

211 3377 292 3439 ipsam
309 3378 417 3427 includit
434 3379 518 3429 Beier:
538 3398 615 3443 quam
631 3382 687 3444 ipse
704 3383 813 3431 includit
830 3383 868 3432 L:
889 3399 940 3445 qua
957 3383 984 3431 in
1001 3382 1057 3446 ipsa
1074 3383 1216 3434 includitur

209 3440 318 3505 Stangl:
344 3444 370 3492 in
388 3460 464 3506 quam
486 3446 567 3507 ipsam
587 3448 726 3496 includitur
745 3447 831 3498 Bake:
856 3465 932 3511 quarn
951 3449 1007 3511 ipsa
1027 3449 1088 3498 finis
1105 3449 1216 3500 includit

208 3505 302 3556 Schultz
400 3525 431 3560 ar
448 3511 526 3561 licere
537 3512 623 3577 vulga:
641 3512 763 3564 liceretL
