2588 4178
538 203 716 266 ORATOR
1088 223 1128 284 54
1145 221 1191 270 180

128 358 273 422 rationem
302 381 354 422 cur
382 361 440 422 sint
468 382 530 423 non
558 373 669 440 queant
697 365 829 425 reddere.
882 364 1008 439 Deinde,
1039 366 1064 427 si
1091 367 1128 428 sit

129 478 269 518 numerus
288 459 319 518 in
340 460 482 534 oratione,
499 461 594 537 qualis
615 461 653 520 sit
673 473 724 521 aut
746 464 856 539 quales,
875 473 905 523 et
926 484 943 523 e
963 463 1128 541 poeticisne

128 555 258 616 numeris
282 576 321 616 an
343 577 379 617 ex
399 556 459 617 alio
479 577 586 634 genere
608 560 739 635 quodam
764 570 802 632 et,
823 559 848 618 si
869 579 886 619 e
906 561 1040 637 poeticis,
1060 563 1127 639 quis

126 672 230 712 eorum
245 653 282 713 sit
296 665 348 714 aut
359 654 409 732 qui
420 676 429 729 ;
450 674 580 732 namque
594 655 658 715 aliis
673 676 750 716 unus
766 658 858 717 modo
872 657 936 717 aliis
950 660 1048 735 plures
1062 657 1127 718 aliis

99 770 232 825 5omnes
252 752 333 812 idem
348 752 494 813 videntur.
537 752 664 825 Deinde,
680 752 863 831 quicumque
881 767 951 815 sunt
969 755 1031 816 sive
1049 775 1127 816 unus

126 848 187 910 sive
196 852 525 927 plures,communesne
534 850 593 910 sint
601 851 683 911 omni
692 851 793 928 generi
801 851 1126 930 orationis-quoniam

126 947 207 1008 aliud
221 968 315 1025 genus
332 958 377 1007 est
394 948 532 1008 narrandi
547 948 627 1008 aliud
641 949 841 1026 persuadendi
860 949 941 1010 aliud
956 951 1127 1012 docendi-

126 1064 165 1104 an
176 1045 309 1124 dispares
324 1046 439 1106 numeri
453 1046 562 1123 cuique
576 1046 717 1106 orationis
728 1047 829 1125 generi
842 1051 1109 1109 accommodentur
1120 1073 1127 1123 ;

127 1142 151 1201 si
166 1163 353 1217 communes,
367 1144 419 1221 qui
433 1144 511 1217 sint;
533 1144 558 1204 si
572 1144 712 1222 dispares,
729 1145 802 1222 quid
817 1146 941 1220 intersit,
954 1157 984 1206 et
998 1168 1051 1207 cur
1064 1169 1126 1209 non

84 1267 114 1303 10
126 1261 222 1318 aeque
241 1242 271 1300 in
291 1243 425 1303 oratione
446 1255 536 1320 atque
557 1242 587 1301 in
607 1262 692 1303 versu
714 1264 855 1304 numerus
875 1257 1024 1322 appareat.
1069 1249 1127 1307 De·
1142 1257 1187 1305 ιθ(

126 1338 205 1411 inde,
216 1342 299 1416 quod
314 1339 422 1400 dicitur
435 1340 465 1399 in
481 1340 615 1400 oratione
629 1325 830 1414 numerosum,
841 1341 872 1401 id
888 1354 986 1402 utrum
1001 1363 1127 1405 numero

126 1438 223 1496 solum
252 1437 402 1512 efficiatur,
428 1457 466 1496 an
495 1437 584 1498 etiam
610 1439 655 1497 vel
684 1437 902 1515 compositione
927 1441 1063 1516 quadam
1080 1444 1126 1502 vel

125 1553 233 1610 genere
247 1536 424 1610 verborum3
443 1555 482 1594 an
502 1535 539 1595 sit
559 1555 645 1595 suum
665 1535 818 1613 cuiusque,
835 1547 867 1596 ut
881 1557 1022 1597 numerus
1041 1538 1128 1599 inter-

126 1631 217 1706 vallis,
243 1633 423 1710 compositio
449 1632 585 1708 vocibuS,
608 1653 702 1710 genus
729 1633 828 1711 ipsum
855 1634 1013 1694 verborum
1042 1635 1127 1712 quasi

82 1751 112 1802 15
126 1732 257 1806 quadam
272 1733 368 1790 forma
382 1742 412 1791 et
425 1730 538 1790 lumine
554 1731 696 1792 orationis
714 1742 865 1810 appareat,
878 1731 976 1809 sitque
990 1733 1126 1792 omnium

124 1829 192 1887 fons
211 1828 390 1906 compositio
409 1848 445 1888 ex
461 1849 557 1906 eaque
577 1840 607 1890 et
625 1850 767 1889 numerus
788 1829 932 1890 efficiatur
950 1840 980 1889 et
996 1850 1032 1890 ea
1051 1851 1128 1908 quae

125 1926 265 1986 dicuntur
287 1927 429 1988 orationis
451 1927 536 2005 quasi
561 1929 674 1988 formae
698 1939 728 1989 et
748 1928 870 2001 lumina,
892 1948 980 2005 quae,
1001 1939 1035 1988 ut
1056 1928 1125 2002 dixi,

125 2024 231 2084 Graeci
246 2036 354 2085 vocant
369 2028 511 2106 σχήματα.
560 2029 602 2086 At
616 2046 677 2086 non
697 2038 742 2086 est
755 2046 848 2086 unum
868 2042 925 2086 nec
941 2026 1023 2086 idem
1043 2028 1126 2103 quod
1142 2032 1186 2080 182

125 2141 200 2181 voce
227 2121 392 2183 iucundum
421 2135 466 2184 est
494 2134 523 2184 et
551 2125 634 2201 quod
661 2124 867 2184 moderatione
895 2125 1067 2185 absolutum
1096 2135 1126 2184 et

69 2228 112 2281 'aa
124 2221 207 2297 quod
222 2219 431 2281 inluminatum
446 2242 554 2300 genere
568 2223 725 2283 verborum
732 2244 740 2296 ;
758 2242 940 2300 quamquam
956 2221 987 2282 id
1002 2222 1125 2299 quidem

123 2317 284 2377 finitimum
307 2329 352 2379 est
376 2340 510 2394 numere,
533 2320 604 2398 quia
627 2341 680 2398 per
704 2340 735 2380 se
759 2323 936 2398 plerumque
960 2322 1124 2397 perfectum

123 2425 187 2487 est;
211 2415 391 2493 compositio
410 2430 510 2478 autem
532 2419 571 2478 ab
590 2429 717 2495 utroque
737 2418 842 2491 differt,
859 2438 936 2495 quae
955 2430 1018 2479 tota
1037 2418 1125 2479 servit

123 2512 257 2589 gravitati
279 2534 388 2574 vocum
416 2527 468 2575 aut
492 2514 637 2575 suavitati.
687 2518 774 2575 Haec
801 2515 889 2593 igitur
916 2519 976 2577 fere
1001 2515 1123 2577 suntin

123 2610 232 2688 quibus
253 2611 295 2672 rei
316 2623 421 2671 natura
441 2615 612 2689 quaerenda
632 2612 676 2673 sit.

78 2729 109 2780 ²5
165 2711 240 2767 Esse
254 2727 324 2785 ergo
339 2707 369 2767 in
385 2708 518 2768 oratione
532 2728 689 2768 numerum
705 2710 856 2786 quendam
871 2729 933 2769 non
948 2720 993 2770 est
1004 2709 1123 2769 difficile
1136 2686 1184 2828 ⁵53

122 2825 311 2883 cognoscere
348 2805 466 2866 Iudicat
480 2805 560 2866 enim
576 2826 698 2880 sensus;
717 2807 820 2884 inquo
834 2819 878 2868 est
889 2806 1025 2884 iniquum
1039 2778 1184 2885 quod¹³

122 2903 231 2964 accidit
246 2923 307 2963 non
322 2923 491 2981 agnoscere,
508 2904 532 2964 si
547 2925 599 2964 cur
612 2904 644 2965 id
657 2904 773 2965 accidat
787 2904 914 2983 reperire
928 2924 1121 2982 nequeamus.

123 3005 231 3079 Neque
256 3002 336 3062 enim
358 3001 422 3080 ipse
442 3023 544 3063 versus
568 3003 682 3063 ratione
706 3014 751 3063 est
772 3003 916 3081 cognitus,
941 3004 994 3063 sed
1019 3015 1124 3064 natura

121 3112 212 3179 atque
226 3120 323 3174 sensu,
334 3120 425 3178 quem
439 3100 577 3162 dimensa
590 3100 664 3161 ratio
678 3100 781 3161 docuit
795 3100 868 3179 quid
882 3100 1038 3162 accideret.
1076 3103 1123 3162 Ita

154 3259 171 3306 6
187 3258 256 3306 omui
264 3256 353 3317 generi
364 3257 488 3305 orationis
496 3254 564 3304 codd.
576 3254 630 3304 deta
642 3261 649 3304 τ’
666 3257 736 3304 omni
745 3270 841 3315 genere
849 3256 1003 3306 orationisL
1015 3273 1021 3305 :
1038 3259 1123 3308 omnis
1147 3309 1149 3311 ,

122 3325 228 3385 generis
239 3323 349 3371 orationi
361 3322 386 3368 A
483 3337 500 3382 9
517 3336 667 3370 communes
679 3322 827 3370 Manutius:
845 3325 929 3370 omnis
940 3322 990 3370 AL
1091 3338 1120 3384 13

121 3405 154 3437 an
166 3390 199 3436 sit
211 3389 371 3437 Lambinus:
387 3402 420 3435 an
432 3393 472 3435 est
482 3385 534 3434 AL
636 3400 665 3447 14
682 3402 766 3448 genus
778 3389 861 3448 ipsum
874 3388 924 3436 AL
936 3405 942 3436 ε
958 3403 1055 3449 genere
1064 3389 1121 3450 ipso

119 3453 213 3504 scara
336 3467 365 3514 15
378 3453 487 3513 quadam
504 3450 624 3501 Schenkl:
647 3453 772 3514 quaedam
789 3451 858 3500 AL:
881 3455 906 3500 in
926 3455 1034 3515 quadam
1052 3453 1122 3504 Bake

120 3521 217 3568 lumine
228 3518 313 3568 Bake:
329 3519 415 3567 lumen
428 3515 497 3565 AL:
514 3516 688 3566 concinnitate
702 3515 809 3566 Schenkl
872 3519 955 3580 sitque
966 3518 1036 3568 AL:
1054 3520 1121 3570 sitve

121 3584 215 3635 Schuts
312 3600 344 3647 29
360 3583 489 3633 accideret
501 3583 622 3648 Mudu'g:
639 3583 761 3632 acciderit
772 3583 824 3630 AL
