2588 4178
114 193 162 257 94
179 208 225 259 323
456 191 499 250 M.
522 189 649 249 TVLLI
672 188 904 251 CICERONIS

176 358 306 420 ctissime
320 359 426 421 versati
440 380 554 434 sumus,
567 361 798 438 consulatusque
812 379 906 434 meus,
915 357 968 438 qui
981 358 1065 418 illum
1079 355 1177 436 primo

176 457 279 518 leviter
302 459 516 535 perstrinxerat,
540 457 621 519 idem
648 477 704 518 nos
731 477 829 520 rerum
857 476 991 518 mearum
1017 465 1176 534 gestarum,

115 571 165 622 3²4
178 574 252 631 quas
278 554 328 616 ille
354 554 563 628 admirabatur,
586 556 675 616 laude
702 555 903 617 coniunxerat
946 552 1080 614 Maxime
1106 572 1178 613 vero

177 663 331 730 perspecta
359 664 404 713 est
433 653 586 730 utriusque
616 663 751 714 nostrum
782 652 952 716 exercitatio
985 653 1077 732 paulo
1106 660 1178 712 ante

176 769 267 827 quam
287 745 473 829 perterritum
493 750 582 811 armis
602 753 662 812 hoc
680 751 822 826 studium,
841 754 940 825 Brute,
955 760 1090 812 nostrum
1107 763 1206 814 con-t

176 847 261 908 ticuit
281 847 381 908 subito
402 859 432 911 et
453 848 623 909 obmutuit:
649 868 718 909 cum
739 851 805 928 lege
819 847 963 928 Pompeia
983 846 1074 910 ternis
1095 844 1177 907 horis

176 946 215 1005 ad
229 944 392 1014 dicendum
409 944 485 1007 datis
504 947 544 1006 ad
559 965 670 1006 causas
681 945 845 1007 simillimas
863 946 941 1008 inter
958 965 991 1007 se
1010 947 1059 1005 vel
1077 942 1177 1023 potius

71 1066 74 1071 ·
176 1044 296 1104 easdem
320 1043 390 1105 novi
414 1043 748 1105 veniebamuscotidie.
791 1043 910 1120 Quibus
927 1041 1054 1121 'quidem
1079 1039 1177 1102 causis

177 1152 209 1200 tu
224 1141 323 1216 etiam,
338 1143 436 1214 Brute,
453 1151 571 1219 praesto
589 1141 671 1202 fuisti
689 1141 911 1220 complurisque
927 1151 958 1202 et
973 1139 1132 1201 nobiscum
1146 1147 1178 1200 et

177 1241 257 1300 solus
277 1239 369 1318 egisti,
388 1250 421 1300 ut
439 1239 491 1317 qui
510 1259 572 1300 non
592 1239 662 1302 satis
680 1240 733 1301 diu
751 1239 855 1300 vixerit
874 1237 1055 1300 Hortensius
1075 1246 1224 1297 tamen10

177 1338 258 1397 hune
275 1357 393 1398 cursum
411 1337 589 1398 confecerit:
616 1336 703 1397 annis
723 1346 794 1398 ante
814 1335 945 1398 sedecim
966 1343 1071 1396 causas
1091 1353 1179 1412 agere

177 1434 393 1518 coepitquam
422 1445 454 1494 tu
482 1455 513 1494 es
540 1445 628 1494 natus
640 1456 649 1509 ;
682 1434 763 1496 idem
788 1444 893 1512 quarto
919 1440 949 1492 et
973 1430 1181 1516 sexagensimo

177 1550 265 1605 anno,
286 1531 441 1614 perpaucis
462 1543 531 1593 ante
552 1541 678 1593 mortem
700 1531 815 1604 diebus,
837 1551 898 1592 una
919 1542 1020 1591 tecum
1040 1549 1177 1590 socerum

176 1639 261 1689 tuum
279 1629 414 1691 defendit
428 1630 569 1708 Appium.
613 1630 743 1692 Dicendi
758 1642 860 1692 autem
877 1649 972 1707 genus
988 1630 1071 1706 quod
1090 1627 1178 1690 fuerit

176 1726 208 1786 in
228 1739 363 1806 utroque,
383 1727 531 1790 orationes
551 1727 705 1807 utriusque
725 1728 815 1789 etiam
834 1726 959 1807 posteris
976 1725 1085 1787 nostris
1101 1724 1179 1787 indi·
1194 1731 1223 1782 ¹5

176 1826 296 1885 cabunt.

114 1971 161 2024 325
216 1924 277 1984 Sed
295 1922 319 1983 si
334 1923 503 2001 quaerimus
521 1944 575 1984 cur
592 1925 768 1985 adulescens
789 1923 882 2002 magis
899 1922 1031 1988 floruerit
1045 1921 1177 1984 dicendb

177 2039 267 2097 quam
301 2019 399 2080 senior
434 2020 625 2094 Hortensius,
659 2041 764 2082 causas
798 2020 977 2099 reperiemus
1011 2017 1178 2081 verissimas

177 2119 260 2176 duas.
294 2117 431 2190 Primam,
448 2119 531 2196 quod
552 2138 645 2197 genus
666 2128 728 2179 erat
742 2118 883 2180 orationis
897 2117 1063 2178 Asiaticum
1077 2117 1178 2177 adule-

178 2214 308 2276 scentiae
328 2215 422 2292 magis
443 2235 620 2276 concessum
637 2235 728 2294 quam
747 2215 901 2277 senectuti.
945 2217 1063 2276 Genera
1076 2224 1177 2275 autem
1192 2222 1225 2259 ²0

177 2311 326 2372 Asiaticae
337 2311 480 2373 dictionis
501 2314 563 2374 duo
584 2324 671 2374 sunt:
698 2333 794 2373 unum
815 2312 1031 2374 sententiosum
1048 2320 1078 2372 et
1096 2330 1179 2388 argu·

177 2420 249 2481 tum,
266 2408 420 2470 sententiis
434 2430 496 2470 non
511 2421 571 2470 tam
589 2410 727 2488 gravibus
746 2421 777 2472 et
795 2409 903 2472 severis
917 2430 1008 2489 quam
1022 2408 1179 2470 concinnis

177 2519 206 2567 et
226 2506 366 2580 venustis,
385 2506 481 2584 qualis
506 2507 537 2567 in
558 2507 681 2569 historia
701 2507 852 2581 Timaeus,
875 2507 906 2567 in
927 2506 1058 2569 dicendo
1078 2517 1179 2566 autem

176 2604 275 2681 pueris
296 2604 384 2665 nobis
404 2603 562 2666 Hierocles
580 2605 785 2680 Alabandeus,
802 2604 895 2682 magis
916 2595 1006 2665 etiarn
1026 2606 1180 2665 Menecles

176 2703 264 2761 frater
283 2701 347 2761 eius
368 2699 432 2774 fuit,
451 2720 578 2778 quorum
600 2700 753 2779 utriusque
774 2700 926 2762 orationes
942 2711 1012 2761 sunt
1029 2699 1061 2760 in
1077 2699 1180 2778 primis
1195 2713 1225 2766 25

176 2809 209 2858 ut
231 2797 364 2858 Asiatico
385 2798 416 2858 in
437 2818 546 2876 genere
566 2799 740 2860 laudabiles.
783 2797 874 2859 Aliud
895 2809 995 2859 autem
1016 2803 1111 2876 genus
1135 2809 1181 2859 est

176 2915 238 2956 non
255 2907 315 2956 tam
334 2896 488 2957 sententiis
500 2899 723 2974 'frequentatum
738 2916 829 2974 quam
845 2897 943 2958 verbis
955 2898 1076 2957 volucre
1090 2906 1181 2973 atque

176 2992 340 3067 incitatum,
366 2997 455 3071 quale
482 3005 527 3055 est
550 3014 631 3055 nunc
653 2994 725 3055 Asia
753 3005 823 3069 tota,
847 3013 909 3055 nec,
931 2992 1054 3054 flumine
1082 2995 1180 3053 solum

177 3089 326 3164 orationis,
343 3092 396 3151 sed
414 3091 503 3151 etiam
522 3103 664 3153 exornato
683 3103 713 3153 et
733 3095 830 3153 faceto
843 3112 951 3170 genere
965 3091 1132 3165 verborum,
1148 3091 1180 3152 in

176 3208 237 3266 quo
265 3187 320 3247 fuit
347 3191 514 3266 Aeschylus
535 3182 669 3250 'Cnidius
702 3200 732 3250 et
764 3208 849 3250 meus
881 3188 1014 3266 aequalis
1042 3187 1179 3250 Milesius
1192 3205 1226 3256 30

209 3356 225 3402 3
242 3341 413 3389 coniunxerat
424 3336 462 3386 L:
490 3338 624 3388 coniunxit
640 3338 736 3404 Stangl
848 3354 877 3388 11
895 3340 1008 3391 sedecim
1024 3338 1179 3404 Nipperdey:

177 3404 302 3455 decemL
403 3419 433 3452 ιη
450 3411 475 3453 et
492 3403 550 3451 add.
563 3404 630 3467 vulg.
732 3417 762 3467 19
779 3404 885 3467 primam
896 3402 1010 3454 Ernesti:
1028 3407 1138 3466 primum
1156 3407 1179 3456 L

176 3487 209 3520 22
227 3478 252 3519 et
268 3469 367 3519 severis
384 3484 460 3531 quam
476 3470 558 3532 vulga:
582 3469 633 3518 etsi
651 3469 720 3519 veris
738 3484 868 3532 nunquam
885 3467 908 3516 1.
1006 3472 1039 3518 26
1055 3470 1123 3520 aliud
1139 3471 1178 3523 L:

175 3538 282 3585 alterum
294 3536 324 3584 E.
339 3535 369 3584 F.
383 3533 514 3582 Eberhard
610 3535 642 3582 28
659 3534 734 3597 quale
749 3533 849 3584 BHM:
873 3534 941 3596 quali
958 3533 994 3584 C:
1009 3536 1092 3597 qualis
1109 3535 1177 3588 codd

173 3602 230 3653 den.
302 3616 334 3662 29
352 3599 435 3650 laceto
446 3596 487 3647 L:
505 3598 572 3648 lacto
583 3598 708 3648 Ruhnken
789 3616 824 3664 30
840 3599 888 3650 suit
898 3598 938 3650 L:
956 3601 1041 3651 floruit
1051 3601 1183 3654 Eberhard
