2588 4178
567 216 732 276 BRVTVS
1112 225 1195 276 2288

147 382 187 442 ad
210 401 272 441 rem
295 379 443 460 pertinere
469 382 605 461 putabat,
629 380 786 461 scriptores
809 380 875 442 illos
898 383 975 443 male
1004 385 1151 446 mulcatos

147 479 243 542 exisse
258 501 327 541 curn
343 481 458 554 Galba3
479 501 516 541 ex
534 501 596 559 quo
611 480 795 558 significabat
809 480 893 540 illum
908 500 970 540 non
989 479 1020 540 in
1033 482 1152 560 agendo

147 580 254 652 solum,
278 578 442 640 sedetiam
464 578 496 638 in
518 578 693 639 meditando
712 580 920 639 vehementem
941 591 1032 657 atque
1053 578 1153 639 incen-

147 696 215 736 sum
239 676 339 737 fuisse.
383 675 474 764 Quid·
491 679 606 736 multa?
635 696 743 755 magna
766 676 994 754 exspectatione,
1018 675 1152 754 plurimis

116 774 348 849 5audientibus‚
372 795 473 836 coram
499 774 565 853 ipso
586 774 690 836 Laelio
711 773 754 835 sic
774 774 855 834 illam
876 793 997 834 causam
1020 785 1102 834 tanta
1122 773 1152 834 vi

147 884 290 951 tantaque
300 873 442 951 gravitate
453 871 562 934 dixisse
574 873 703 934 Galbam
718 883 751 933 ut
766 874 847 932 nulla
857 874 918 933 sere
931 892 999 950 pars
1010 872 1152 933 orationis

147 969 267 1031 silentio
294 971 507 1048 praeteriretur.
565 972 672 1049 Itaque
705 970 806 1031 multis
839 969 966 1049 querelis
997 972 1151 1047 multaque

146 1068 337 1129 miseratione
350 1068 486 1129 adhibita
503 1068 602 1129 socios
622 1068 763 1129 omnibus
781 1067 1018 1146 approbantibus
1037 1067 1087 1128 illa
1100 1067 1150 1129 die

146 1166 323 1244 quaestione
343 1166 483 1228 liberatos
497 1186 571 1227 esse.
614 1167 660 1227 Ex
679 1168 736 1228 hac
758 1166 852 1227 Rutili
868 1166 1035 1227 narratione
1056 1165 1149 1244 suspi-

99 1284 134 1321 ro
146 1263 207 1323 cari
231 1263 308 1337 licet,
333 1285 404 1324 cum
427 1266 505 1326 duae
527 1284 663 1325 summae
685 1264 796 1324 sintin
817 1277 932 1326 oratore
953 1265 1066 1338 laudes,
1088 1284 1150 1324 una

146 1361 294 1423 subtiliter
315 1361 488 1440 disputandi
512 1364 553 1424 ad
573 1363 754 1437 docendum,
777 1365 869 1423 altera
892 1362 1017 1440 graviter
1040 1361 1149 1441 agendi

145 1461 186 1520 ad
210 1459 327 1521 animos
349 1461 535 1521 audientium
558 1463 786 1540 permovendos,
810 1463 966 1538 multoque
989 1462 1056 1538 plus
1085 1480 1150 1539 pro

146 1557 227 1618 ficiat
245 1557 270 1618 is
292 1557 344 1636 qui
358 1558 523 1620 inflammet
544 1545 674 1620 iudicem
695 1579 786 1637 quam
808 1559 857 1619 ille
878 1558 930 1636 qui
954 1560 1069 1632 doceat,
1093 1561 1150 1619 ele·

145 1655 278 1734 gantiam
292 1655 324 1715 in
346 1656 458 1730 Laelio,
473 1656 534 1734 vim
555 1657 586 1717 in
606 1659 704 1718 Galba
720 1656 818 1718 fuisse.
863 1647 950 1732 Quae
967 1655 1090 1735 quidem
1104 1656 1148 1718 vis

102 1774 133 1826 15
147 1764 211 1814 tum
232 1753 362 1815 maxime
380 1754 500 1833 cognita
520 1766 573 1828 est,
589 1775 659 1816 cum
674 1754 856 1816 Lusitanisa
875 1756 935 1815 Ser.
952 1754 1050 1815 Galba
1068 1775 1150 1833 prae-

145 1865 210 1913 tore
227 1864 330 1913 contra
349 1853 563 1932 interpositam,
580 1865 612 1914 ut
631 1853 864 1928 existimabatur,
877 1854 969 1914 fidem
986 1853 1149 1915 interfectis

146 1953 181 2011 L.
198 1950 315 2012 Libone
336 1951 457 2012 tribuno
471 1950 567 2029 plebis
588 1954 733 2030 populum
750 1951 893 2012 incitante
914 1962 944 2012 et
963 1951 1148 2029 rogationem

145 2049 177 2108 in
199 2051 327 2110 Galbam
348 2049 481 2128 privilegi
502 2049 630 2111 similem
651 2053 771 2124 serente,
794 2070 912 2110 summa
932 2060 1094 2122 senectute,
1115 2062 1148 2111 ut

145 2159 216 2208 ante
234 2147 304 2222 dixi,
321 2150 364 2208 M.
381 2149 458 2210 Cato
479 2150 575 2227 legem
597 2151 726 2210 suadens
743 2149 774 2209 in
794 2150 922 2209 Galbam
944 2151 1037 2208 multa
1056 2148 1130 2209 dixit
1139 2170 1148 2224 ;

100 2265 238 2323 aequam
252 2245 417 2306 orationem
438 2245 469 2305 in
484 2246 621 2324 Origines
636 2267 704 2309 suas
718 2247 838 2320 rettulit,
852 2246 956 2324 paucis
972 2257 1146 2324 antequam

147 2356 281 2403 mortuns
303 2355 348 2404 est
374 2340 438 2424 [an]
463 2343 570 2405 diebus
592 2365 631 2405 an
654 2345 815 2406 mensibus.
859 2347 939 2404 Tum
961 2343 1049 2422 igitur
1071 2346 1192 2418 nr'lcil90
1250 2372 1252 2378 ·

145 2461 286 2502 recusans
301 2443 399 2502 Galba
414 2462 467 2520 pro
486 2462 552 2503 sese
566 2455 596 2504 et
609 2443 713 2521 populi
728 2441 859 2503 Romani
878 2443 969 2502 fidem
984 2441 1146 2521 implorans

145 2559 215 2599 cum
230 2558 299 2601 suos
313 2560 422 2617 pueros
436 2552 500 2600 tum
513 2542 551 2603 C.
568 2541 646 2602 Galli
660 2541 750 2602 etiam
765 2540 858 2600 filium
871 2542 945 2600 flens
956 2542 1147 2601 commenda·

147 2637 207 2709 bat,
237 2636 322 2699 cuius
345 2637 457 2698 orbitas
482 2650 511 2698 et
534 2640 620 2698 fletus
646 2638 719 2706 mire
741 2637 916 2698 miserabilis
944 2637 999 2697 fuit
1026 2650 1147 2715 propter

100 2751 133 2803 25
147 2746 297 2795 recentem
315 2735 490 2796 memoriam
504 2736 658 2797 clarissimi
679 2735 787 2814 patris3
807 2736 892 2813 isque
907 2755 939 2796 se
955 2747 1020 2795 tum
1039 2734 1147 2813 eripuit

146 2834 274 2906 flamma,
291 2845 410 2912 propter
428 2855 536 2912 pueros
556 2834 757 2895 misericordia
776 2834 879 2913 populi
893 2844 1053 2906 commota,
1069 2834 1146 2893 sicut

145 2930 226 2991 idem
240 2930 382 3009 scriptum
398 2932 515 3011 reliquit
530 2934 616 2995 Cato.
658 2936 759 3010 Atque
774 2933 863 2993 etiam
882 2933 980 3010 ipsum
996 2931 1145 2992 Libonem

144 3049 206 3089 non
227 3028 371 3089 infantem
393 3029 481 3091 video
501 3031 600 3104 fuisse,
617 3043 649 3091 ut
671 3031 911 3092 exorationibus
932 3030 996 3090 eius
1015 3028 1146 3108 intellegi

144 3137 250 3204 potest.
294 3129 372 3190 Cum
395 3130 470 3189 haec
498 3129 638 3190 dixissem
663 3141 693 3191 et
720 3132 842 3208 paulum
871 3127 1189 3206 interquievissemz9r

1162 1140 1202 1199 aa

1161 1217 1193 1283 ⁸9

98 3239 131 3290 '30
145 3224 228 3301 Quid
251 3224 348 3303 igitur,
372 3225 477 3303 inquit,
502 3239 546 3288 est
568 3247 683 3302 causae,
709 3230 826 3302 Brutus,
852 3226 877 3287 si
899 3237 981 3286 tanta
1001 3224 1091 3286 virtus
1113 3224 1144 3285 in

177 3382 293 3444 9Rutili
318 3383 458 3432 I‘ir'adn'clr:
483 3383 572 3433 Rutilii
601 3385 693 3435 Onllr':
723 3386 819 3435 Rutilia
844 3384 883 3434 L:
921 3383 1052 3433 Rutiliana
1075 3384 1143 3447 vulgr.

146 3461 174 3508 14
192 3449 296 3497 vietum
308 3448 392 3512 auga
410 3450 432 3498 is
444 3457 484 3497 est
497 3451 573 3499 istum
585 3451 607 3498 L
720 3466 750 3512 15
767 3453 870 3514 cognita
888 3459 928 3500 est
939 3450 977 3498 F:
994 3449 1096 3510 cognita
1109 3449 1143 3498 sit

145 3514 167 3562 C
264 3528 292 3576 η
311 3514 339 3564 L.
351 3515 448 3564 Libone
462 3515 605 3565 Corradus:
621 3517 650 3567 Τ.
666 3517 799 3566 LiboneL
889 3531 918 3565 21
937 3531 971 3565 an
983 3513 1145 3563 secLPareus

143 3579 206 3693 ncihil
224 3579 282 3629 add.
299 3580 432 3646 Corradus,
454 3582 611 3634 collato'VaI.
629 3582 702 3634 Max.
721 3584 772 3636 viii.
790 3598 841 3648 r,2
988 3594 1021 3629 aa
1044 3587 1070 3628 et
1087 3579 1140 3629 secl.

164 3652 238 3710 ampe
