2588 4178
138 182 244 256 67226
465 181 508 240 M.
539 181 667 240 Tvnni
695 180 928 242 crememus

190 342 280 404 ternis
295 341 380 404 ferire
394 342 498 417 verbis,
514 364 576 403 non
595 363 761 421 numquam
775 342 906 421 singulis,
918 344 1009 421 paulo
1022 339 1094 401 alias
1108 342 1198 419 pluri-

189 441 255 514 bus,
270 439 347 500 inter
360 461 437 518 quae
454 440 539 500 variis
558 440 697 501 clausulis
717 439 881 518 interponit
899 460 931 500 se
950 459 1016 500 raro
1036 459 1198 502 numerosa

189 538 436 616 comprehensio;
460 558 551 616 quam
572 559 709 617 perverse
730 537 845 614 fugiens
871 537 1027 616 Hegesias,
1049 540 1123 599 dum
1146 537 1197 597 ille

190 655 311 713 quoque
332 634 439 696 imitari
461 635 580 714 Lysiam
600 639 662 696 vult
682 638 807 696 alterum
828 655 924 713 paene
947 637 1195 709 Demosthenem,

190 735 276 793 saltat
298 732 434 794 incidens
458 734 624 812 particulas.
669 736 709 793 Et
732 733 757 794 is
779 733 902 810 quidem
924 752 987 793 non
1008 733 1107 794 minus
1132 753 1227 807 sen-5

189 830 289 892 tentiis
311 826 416 908 peccat
433 851 530 909 quam
551 830 657 904 verbis,
673 842 706 891 ut
726 852 789 891 non
810 841 931 908 quaerat
952 851 1043 908 quem
1065 834 1198 911 appellet

189 928 325 1007 ineptum
339 928 391 1006 qui
405 929 488 988 illum
503 928 682 1007 cognoverit.
725 931 785 989 Sed
799 949 855 1007 ego
869 928 919 989 illa
933 929 1032 991 Crassi
1046 940 1076 990 et
1095 940 1199 990 nostra

189 1026 284 1104 posui,
308 1025 415 1104 utqui
441 1028 530 1086 vellet
553 1026 674 1087 auribus
695 1026 767 1106 ipsis
789 1026 863 1104 quid
886 1047 1079 1087 numerosum
1104 1026 1197 1087 etiam

189 1125 220 1183 in
234 1123 365 1184 minimis
380 1123 530 1202 particulis
545 1124 685 1186 orationis
704 1136 782 1185 esset
801 1124 953 1185 iudicaret.
997 1127 1036 1184 Et
1050 1124 1197 1203 quoniam

188 1224 273 1300 plura
293 1223 332 1282 de
353 1241 514 1282 numerosa
531 1221 665 1283 oratione
684 1220 812 1283 diximus
831 1216 923 1300 quam
944 1220 1104 1300 quisquam
1125 1233 1244 1284 antero

189 1339 253 1393 nos,
269 1339 350 1380 nunc
365 1321 403 1380 de
418 1319 481 1380 eius
495 1320 610 1398 generis
624 1321 750 1380 utilitate
764 1320 907 1380 dicemus.

63 1423 65 1428 '
134 1385 176 1444 ⁶⁸
229 1416 315 1477 Nihil
339 1416 422 1477 enim
450 1429 495 1478 est
518 1418 609 1491 aliud,
632 1420 732 1491 Brute,
756 1418 840 1495 quod
867 1416 989 1494 quidem
1018 1429 1050 1478 tu
1072 1418 1198 1481 minime

128 1486 175 1542 ²²⁷
189 1514 325 1574 omnium
354 1514 480 1599 ignoras,
503 1517 626 1592 pulchre
654 1526 684 1575 et
712 1514 838 1575 oratorie
866 1513 966 1576 dicere
980 1515 1055 1576 nisi>
1074 1517 1198 1595 optimis

188 1612 343 1673 sententiis
371 1612 528 1690 verbisque
552 1612 720 1673 lectissimis
748 1612 855 1674 dicere.
899 1615 939 1673 Et
967 1634 1024 1674 nec
1048 1614 1198 1676 sententia

189 1712 249 1770 ulla
262 1722 307 1771 est
322 1730 399 1788 quae
418 1712 548 1771 fructum
565 1710 673 1771 oratori
692 1713 774 1784 ferat,
789 1710 846 1770 nisi
865 1722 935 1788 apte
954 1711 1088 1790 exposita
1104 1724 1198 1790 atque
1212 1733 1240 1784 1⁵

187 1808 332 1882 absolute,
348 1828 405 1869 nec
416 1809 578 1869 ‘verborum
592 1811 694 1869 lumen
712 1820 835 1887 apparet
851 1808 909 1868 nisi
923 1807 1079 1887 diligenter
1095 1813 1198 1873 conlo

187 1916 331 1979 catorum,
347 1917 377 1966 et
397 1907 505 1966 horum
526 1917 686 1983 utrumque
707 1926 848 1966 numerus
872 1905 1026 1982 inlustrat3
1053 1927 1198 1970 numerus

186 2014 419 2081 autem-saepe
446 2002 527 2063 enim
554 2004 614 2064 hoc
641 2005 812 2064 testandum
840 2014 988 2064 est-non
1011 2006 1105 2065 modo
1133 2025 1198 2065 non

187 2099 305 2178 poetice
326 2100 443 2161 vinctus
467 2121 570 2161 verum
592 2100 682 2161 etiam
702 2100 818 2178 fugiens
838 2100 922 2160 illum
945 2101 1033 2180 eique
1057 2103 1196 2163 omnium

155 2229 157 2236 ·
187 2197 424 2273 dissimillimus,·
443 2215 505 2258 non
526 2197 600 2276 quin
621 2198 702 2259 idem
719 2198 782 2258 rsint
800 2197 916 2259 numeri
934 2219 997 2260 non
1018 2202 1111 2261 modo
1133 2221 1197 2261 ora·
1210 2227 1240 2263 ro

187 2307 286 2357 torum
314 2308 344 2358 et
371 2308 527 2376 poetarum
555 2317 657 2357 verum
692 2295 817 2357 omnino
838 2294 1035 2374 loquentium,
1062 2298 1196 2376 denique

187 2392 277 2453 etiam
302 2394 473 2456 sonantium
498 2394 633 2455 omnium
657 2414 734 2472 quae
757 2393 854 2454 metiri
877 2394 999 2455 auribus
1024 2416 1194 2473 possumus,

185 2493 242 2565 ,scd
256 2494 331 2553 ordo
344 2494 456 2569 pedum
471 2491 549 2564 facit,
565 2503 598 2552 ut
612 2490 644 2552 id
662 2492 746 2568 quod
764 2491 974 2568 pronuntiatur
986 2505 1039 2554 aut
1053 2493 1196 2555 orationis

127 2603 175 2653 228
186 2599 238 2648 aut
258 2589 405 2668 poematis
430 2588 526 2649 simile
546 2588 689 2650 videatur.
733 2591 825 2649 Hanc
845 2589 940 2667 igitur,
963 2591 1025 2651 sive
1047 2591 1196 2671 composi-

187 2686 300 2747 tionem
320 2686 381 2747 sive
400 2685 614 2765 perfectionem
632 2685 697 2746 sive
717 2707 876 2748 numerum
895 2688 994 2748 vocari
1014 2691 1121 2767 placet,
1134 2685 1194 2770 [et]
1209 2713 1238 2764 ²⁵

186 2785 329 2845 adhibere
351 2804 474 2845 necesse
502 2795 555 2856 est,
578 2783 603 2844 si
631 2796 734 2844 ornate
761 2784 835 2846 velis
863 2784 971 2860 dicere,
995 2806 1058 2847 non
1084 2789 1196 2862 solum,

143 2896 144 2899 ’
186 2884 270 2960 quod
297 2882 338 2942 ait
356 2881 540 2942 ¹Aristoteles
568 2892 598 2941 et
626 2883 859 2960 Theophrastus,
884 2904 923 2943 ne
947 2882 1064 2944 infinite
1085 2886 1195 2944 feratur

187 2992 220 3040 ut
242 2982 354 3039 flumen
379 2979 481 3051 orati0‚
506 2978 583 3056 quae
605 2999 667 3039 non
691 2990 743 3048 aut
765 2979 868 3058 spiritu
896 2981 1115 3057 pronuntiantis
1140 2993 1196 3043 ‘aut

187 3076 356 3138 interductu
391 3076 498 3150 librari,
532 3078 586 3137 sed
621 3097 746 3137 numero
785 3090 889 3141 coacta
923 3080 1014 3140 debet
1048 3078 1192 3155 insistere,

187 3194 290 3235 verum
311 3173 400 3234 etiam
421 3176 505 3252 quod
526 3177 621 3234 multo
643 3173 785 3235 maiorem
807 3176 919 3236 habent
937 3187 1008 3254 apta
1025 3176 1086 3236 vim
1101 3198 1193 3255 quam
1206 3198 1242 3250 30

188 3275 292 3334 soluta
349 3268 403 3332 Vt*
418 3271 499 3333 enim
526 3274 653 3332 athletas
680 3292 737 3332 nec
768 3275 864 3350 multo
896 3293 982 3334 secus
1014 3274 1193 3352 gladiatores

221 3444 237 3477 a
253 3444 320 3490 quae
331 3427 459 3490 Rufinus:
477 3443 540 3490 quas
551 3427 574 3476 L
679 3441 709 3489 14
726 3427 873 3481 lectissimis
884 3429 951 3478 codd.
960 3429 1017 3478 dett.
1031 3428 1194 3480 :lectissime

187 3492 210 3541 L
284 3501 311 3542 et
323 3492 486 3551 necLssed
499 3509 547 3543 nec
558 3492 665 3557 Madvig
737 3535 739 3539 Α
787 3510 818 3558 19
834 3496 936 3543 vinctus
950 3493 1017 3544 CF.
1034 3493 1072 3543 W.
1085 3492 1194 3547 Mater:

187 3558 325 3609 iunctusL
432 3574 464 3621 25
481 3559 569 3608 etsecl.
582 3557 727 3610 Lambinus
920 3607 922 3611 ,
1002 3594 1004 3598 »
