2588 4178
145 221 222 280 2171
462 207 505 266 M.
534 207 664 265 rvtm
693 205 926 268 crearemus

147 393 176 446 ⁷³
190 373 243 452 qui
257 372 362 434 dicunt
375 383 406 433 et
419 392 523 433 eorum
538 371 589 450 qui
602 372 738 433 audiunt.
775 375 882 450 Itaque
897 374 978 432 hunc
992 373 1093 432 locum
1107 372 1198 448 longe

190 484 220 532 et
236 474 295 531 late
314 481 467 548 patentem
487 470 659 549 philosophi
678 473 777 530 solent
796 469 826 529 in
845 468 951 530 officiis
967 480 1197 529 tractare-non

189 589 259 630 cum
280 571 319 629 de
338 579 420 628 recto
439 567 505 646 ipso
521 568 687 646 disputant,
701 587 771 626 nam
791 566 823 629 id
842 565 965 645 quidem
985 586 1079 626 unum
1099 577 1197 640 est—,
1256 571 1258 582 ’

188 665 372 744 grammatici
390 665 421 724 in
438 665 543 743 poetis,
560 668 737 743 eloquentes
754 663 785 724 in
802 663 886 725 omni
903 676 933 725 et
946 684 1054 743 genere
1068 674 1099 724 et
1112 675 1196 742 parte

188 783 352 824 causarum.
397 765 498 838 Quam
520 761 600 823 enim
621 762 798 823 indecorum
819 773 872 834 est,
891 763 930 822 de
951 754 1107 821 stillicidiis
1124 780 1224 836 cum5

137 909 140 914 .
187 862 269 938 apud
290 880 385 919 unum
407 859 538 919 iudicem
560 858 652 933 dicas,
671 858 862 938 amplissimis
883 857 981 919 verbis
1006 869 1036 918 et
1055 856 1130 917 locis
1152 856 1197 917 uti

187 957 409 1031 communibus,
424 959 463 1018 de
478 957 632 1018 maiestate
646 957 750 1035 populi
765 956 897 1017 Romani
911 954 1070 1016 summisse
1084 966 1114 1015 et
1128 955 1193 1015 sub·

135 1067 175 1112 aa
188 1054 294 1115 tiliterl
325 1054 387 1114 Hic
402 1074 512 1132 genere
528 1065 601 1127 toto,
617 1065 648 1114 at
661 1074 790 1132 persona
805 1052 855 1113 alii
869 1064 996 1132 peccant
1009 1063 1061 1113 aut
1075 1071 1129 1111 sua
1142 1063 1196 1112 aut

187 1149 321 1212 iudicum
341 1163 392 1212 aut
413 1151 503 1212 etiam
524 1151 768 1224 adversariorum,
786 1171 842 1212 nec
862 1171 893 1212 re
912 1153 1010 1210 solum
1031 1151 1085 1209 sed
1104 1169 1195 1227 saepe

186 1250 278 1309 verbo
290 1271 299 1323 3
326 1249 382 1309 etsi
400 1248 470 1309 ,sine
496 1269 526 1310 re
549 1251 631 1309 nulla
651 1248 696 1309 vis
716 1248 799 1310 verbi
820 1260 873 1322 est,
896 1259 997 1309 tamen
1019 1249 1125 1309 eadem
1147 1264 1195 1307 res
1210 1269 1240 1307 ro

185 1365 275 1424 saepe
291 1357 343 1406 aut
362 1347 505 1424 probatur
523 1358 574 1407 aut
594 1346 713 1407 reicitur
731 1347 791 1408 alio
809 1357 901 1424 atque
919 1345 979 1407 alio
998 1347 1076 1407 elata
1089 1344 1191 1406 verbo.

142 1457 171 1508 73
186 1443 223 1500 In
248 1442 449 1520 omnibusque
473 1443 563 1504 rebus
583 1444 748 1505 videndum
773 1455 819 1504 est
840 1455 1006 1522 quatenus3
1034 1441 1090 1503 etsi
1110 1440 1193 1502 enim

184 1558 255 1599 suus
270 1540 379 1617 cuique
394 1543 504 1601 modus
519 1553 574 1615 est,
588 1554 689 1603 tamen
707 1543 801 1619 magis
819 1540 944 1602 offendit
958 1539 1085 1600 nimium
1100 1559 1192 1617 quam

182 1656 307 1715 parum3
327 1638 360 1697 in
373 1659 434 1716 quo
446 1640 567 1716 Apelles
582 1638 710 1717 pictores
725 1660 846 1717 quoque
863 1659 915 1699 eos
932 1647 1057 1716 peccare
1070 1637 1192 1698 dicebat

183 1735 316 1812 quinon
337 1736 481 1797 sentirent
500 1736 573 1814 quid
594 1747 673 1797 esset
692 1736 770 1797 satis.
816 1739 946 1814 Magnus
965 1746 1011 1796 est
1026 1738 1111 1796 locus
1130 1734 1192 1808 hic,
1206 1757 1236 1806 15

183 1832 282 1905 Brute,
317 1834 399 1910 quod
431 1844 461 1893 te
492 1853 554 1892 non
587 1832 672 1910 sugit,
703 1844 733 1893 et
763 1852 905 1910 magnum
935 1835 1077 1893 volumen
1107 1831 1190 1892 aliud

182 1927 349 2004 desiderat3
381 1931 435 1990 sed
459 1932 499 1990 ad
524 1929 555 1991 id
578 1932 661 2008 quod
685 1929 780 2008 agitur
805 1928 879 1991 illud
904 1928 983 1989 satis.
1028 1930 1108 1990 Cum
1131 1930 1191 1989 hoc

181 2027 413 2104 decere-quod
428 2047 545 2104 semper
558 2047 736 2106 usurpamus
750 2027 781 2087 in
796 2026 937 2087 omnibus
952 2025 1039 2088 dictis
1054 2036 1084 2087 et
1095 2026 1188 2100 sactis,

181 2122 313 2184 minimis
338 2136 368 2184 et
390 2124 639 2185 maximis-cum
666 2127 734 2198 hoc,
761 2124 892 2202 inquam,
918 2126 1025 2185 decere
1048 2123 1189 2199 dicimus,

180 2220 254 2281 illud
274 2242 336 2282 non
356 2223 471 2296 decere,
488 2234 518 2283 et
537 2223 568 2284 id
588 2243 804 2301 usquequaque
821 2234 968 2300 quantum
990 2221 1028 2282 sit
1046 2233 1188 2300 appareat
1203 2241 1237 2276 20

180 2317 212 2378 in
236 2319 356 2397 alioque
380 2332 509 2398 ponatur
532 2320 675 2398 aliudque
700 2331 797 2381 totum
822 2320 867 2394 sit,
892 2332 992 2380 utrum
1017 2321 1124 2381 decere
1147 2339 1188 2380 an

136 2439 167 2492 74
180 2428 317 2493 oportere
331 2416 413 2476 dicas
424 2429 611 2495 3-0p0rtere
629 2418 710 2478 enim
724 2417 939 2496 perfectionem
954 2419 1085 2478 declarat
1099 2417 1187 2492 offici,

179 2533 241 2590 quo
256 2527 285 2574 et
300 2534 417 2592 semper
431 2517 577 2576 utendum
593 2528 637 2575 est
652 2527 682 2576 et
696 2515 846 2589 omnibus,
858 2502 970 2576 decere
984 2514 1069 2592 quasi
1082 2526 1188 2593 aptum

179 2630 244 2671 esse
265 2623 563 2690 consentaneumque
582 2612 709 2691 tempori
728 2624 758 2673 et
774 2632 920 2691 personae
929 2634 939 2688 3
961 2614 1045 2690 quod
1066 2632 1136 2673 cum
1156 2612 1188 2672 in

177 2708 263 2768 factis
292 2709 465 2786 saepissime
490 2721 553 2769 tum
575 2710 606 2770 in
625 2709 713 2771 dictis
734 2713 822 2785 valet,
843 2709 875 2769 in
895 2712 979 2769 vultu
1000 2708 1132 2786 denique
1157 2722 1188 2771 et
1203 2734 1233 2783 ²5

176 2818 262 2883 gestu
281 2819 311 2867 et
330 2806 457 2882 incessu,
478 2819 642 2886 contraque
663 2807 735 2869 item
757 2809 903 2869 dedecere
914 2829 922 2882 3
946 2808 1030 2884 quod
1051 2807 1076 2866 si
1097 2819 1187 2884 poeta

177 2903 251 2981 sugit
276 2916 309 2964 ut
334 2906 497 2965 maximum
525 2905 639 2979 vitium,
664 2905 716 2983 qui
744 2916 850 2984 peccat
878 2904 976 2976 etiam,
1001 2924 1071 2964 curn
1099 2904 1187 2981 probi

177 3001 343 3062 orationem
364 3003 489 3079 adfingit
511 3002 650 3081 improbo
671 3006 800 3065 stultove
821 3001 963 3080 sapientis
972 3024 981 3076 3
1006 3002 1031 3061 si
1052 3002 1186 3080 denique

176 3099 273 3178 pictor
286 3100 335 3161 ille
349 3100 431 3175 vidit,
448 3121 517 3162 cum
533 3103 565 3165 in
580 3101 764 3161 immolanda
779 3099 937 3178 Iphigenia
951 3099 1040 3160 tristis
1055 3100 1184 3162 Calchas

176 3210 263 3272 esset,
284 3197 392 3260 tristior
411 3199 522 3274 Vlixes,
543 3211 687 3260 maereret
707 3202 873 3270 Menelaus,
892 3198 1116 3259 obvolvendum
1137 3217 1185 3259 ca-
1198 3218 1232 3268 30

210 3370 232 3416 7,
247 3350 1086 3416 8subtiliterdiccrescribendumessesuspr'catusestLamdr'nus
1154 3368 1185 3402 10

175 3419 305 3468 etsienim
315 3418 558 3469 malur'tLamln'nus
619 3433 648 3478 15
666 3431 706 3467 est
719 3418 790 3467 locus
799 3417 866 3468 codd
874 3417 949 3468 deu..
966 3415 1094 3466 essetl.L
1153 3433 1184 3479 19

174 3485 332 3547 inquamL:
349 3485 450 3546 uspiam
462 3483 570 3548 Madvig
624 3482 785 3532 dicimusL:
803 3481 1028 3532 dicamusEmcsti
1074 3482 1184 3531 dicimus

195 3557 262 3599 .et
279 3550 304 3598 id
320 3550 372 3600 secl.
388 3549 533 3598 Lambinus
610 3564 640 3610 27
659 3550 733 3611 probi
749 3548 817 3597 codd.
832 3548 905 3597 dett..
925 3547 1065 3610 probamL

174 3585 200 3661 in
213 3615 271 3664 add.
285 3616 353 3678 vulg.
441 3630 474 3677 30
492 3615 590 3665 tristior
601 3613 783 3677 Sauppe
714 3631 745 3663 ex
759 3613 865 3675 Quint.¹
859 3615 886 3663 ri.
900 3629 938 3674 13.
954 3628 1004 3675 13:
998 3563 1183 3661 maestior?
