2588 4178
311 216 600 277 PARTITIONES
622 214 876 276 ORATORIAE
1079 223 1148 289 516·

95 394 254 461 praecepta
274 380 341 442 sint.
386 385 417 442 P.
433 383 536 441 Vnum
556 401 650 459 genus
671 391 716 441 est
735 379 896 458 eloquendi
917 399 971 440 sua
991 390 1098 457 sponte

95 481 195 540 fusum
205 501 214 554 ;
234 481 360 540 alterum
376 499 494 540 versum
514 491 605 556 atque
626 490 782 538 mutatum.
827 477 926 537 Prima
943 477 987 538 vis
1008 490 1053 538 est
1067 477 1099 538 in

96 576 281 655 simplicibus
305 576 411 649 verbis,
437 576 468 636 in
497 575 665 637 coniunctis
693 577 834 637 secunda.
878 574 1031 653 Simplicia
1057 575 1100 635 in-

95 673 245 736 venienda
273 685 351 747 sunt,
365 673 550 735 ’coniunctio
577 676 765 734 conlocanda
792 685 845 733 est.
893 675 932 733 Et
954 672 1100 752 simplicia

67 773 188 842 sverba
206 771 313 850 partim
333 771 432 832 nativa
452 783 522 832 sunt
541 771 648 850 partim
669 782 791 849 reperta
835 770 945 831 Nativa
963 790 1100 849 eaquae

96 869 262 948 significata
283 880 352 930 sunt
374 889 463 929 sensu
474 891 483 943 3
510 882 633 947 reperta,
653 888 731 946 quae
753 889 789 929 ex
814 866 856 929 eis
878 870 956 928 facta
980 879 1050 929 sunt
1071 880 1101 928 et

98 979 208 1028 novata
231 979 283 1026 aut
306 966 501 1028 similitudine
525 979 576 1027 aut
599 966 765 1027 imitatione
792 977 844 1026 aut
866 965 1025 1026 inflexione
1049 975 1100 1026 aut

96 1064 290 1126 adiunctione
304 1065 470 1125 verborum.
514 1067 615 1143 Atque
636 1064 726 1125 etiam
745 1075 790 1125 est
807 1067 881 1125 haec
901 1062 1053 1125 distinctio
1070 1062 1101 1121 in
1117 1083 1145 1137 ¹7

97 1163 194 1224 verbis
206 1185 214 1237 ;
241 1164 333 1223 altera
357 1174 470 1236 natura,
493 1162 668 1223 tractatione
695 1165 794 1222 altera.
843 1163 964 1234 Natura,
988 1174 1021 1221 ut
1043 1160 1101 1220 sint

54 1278 85 1312 10
97 1261 155 1321 alia
169 1260 341 1321 sonantiora
354 1260 511 1338 grandiora
525 1259 635 1320 leviora
649 1271 679 1320 et
693 1262 825 1337 quodam
843 1262 936 1321 modo
952 1258 1099 1331 nitidiora,

97 1359 155 1420 alia
176 1370 280 1420 contra
290 1381 298 1433 ;
320 1358 495 1419 tractatione
516 1369 625 1432 autem,
644 1378 713 1418 cum
735 1369 786 1418 aut
806 1357 925 1436 prppria
945 1367 1102 1418 sumuntur

98 1477 196 1518 rerum
216 1458 362 1518 vocabula
382 1467 434 1516 aut
454 1455 557 1518 addita
577 1458 617 1516 ad
636 1475 748 1516 nomen
768 1466 820 1515 aut
840 1475 919 1516 nova
939 1467 990 1515 aut
1006 1454 1103 1533 prisea

98 1566 151 1615 aut
169 1554 209 1614 ab
228 1566 344 1615 oratore
363 1553 535 1615 modificata
554 1565 583 1614 et
597 1553 705 1615 inflexa
719 1555 852 1632 quodam
873 1555 965 1614 modo
974 1576 983 1628 ‚·
1003 1551 1103 1630 qualia

99 1663 171 1712 sunt
189 1672 226 1712 ea
246 1671 322 1728 quae
342 1652 557 1712 transferuntur
575 1663 627 1712 aut
644 1650 837 1726 inmutantur,
862 1662 968 1712 autea
992 1651 1102 1729 quibus

57 1766 86 1817 15
100 1762 254 1827 tamquam
273 1750 432 1823 abutimur,
447 1761 499 1810 aut
518 1769 554 1809 ea
572 1770 650 1828 quae
669 1749 871 1824 obscuramus,
887 1769 965 1826 quae
979 1747 1104 1809 incredi-

100 1846 198 1908 biliter
218 1847 358 1922 tollimus,
375 1867 511 1925 quaeque
532 1846 736 1908 admirabilius
758 1867 848 1924 quam
870 1848 1014 1907 sermonis
1034 1866 1137 1956 con-6

100 1946 229 2005 suetudo
243 1945 353 2023 patitur
372 1965 521 2005 ornamus.
564 1946 599 2007 C.
617 1945 728 2005 Habeo
743 1946 781 2036 de
796 1943 981 2023 simplicibus
995 1943 1100 2015 verbis,
1118 1989 1148 2038 ¹3

100 2063 182 2102 nunc
201 2044 240 2103 de
259 2042 472 2104 coniunctione
488 2063 607 2121 quaero.
652 2046 683 2102 P.
705 2043 831 2103 Numeri
846 2041 969 2119 quidam
989 2040 1103 2102 suntin

101 2139 314 2200 coniunctione
335 2142 471 2201 servandi
492 2139 726 2217 consecutioque
744 2140 911 2200 verborum.
955 2141 1104 2199 Numeros

57 2257 88 2293 ro
101 2258 187 2298 aures
209 2237 291 2315 ipsae
316 2238 489 2313 metiuntur,
509 2259 548 2299 ne
571 2251 706 2299 autnon
730 2241 882 2316 compleas
902 2236 999 2298 verbis
1021 2238 1104 2314 quod
1204 2317 1206 2322 k

102 2335 291 2412 proposueris
305 2347 356 2396 aut
369 2338 528 2397 redundes.
572 2335 755 2398 Consecutio
769 2347 878 2408 autem,
894 2355 933 2394 ne
946 2334 1104 2412 generibus

102 2431 233 2494 numeris
261 2433 445 2512 temporibus
473 2433 607 2512 personis
639 2433 758 2494 casibus
786 2433 973 2511 perturbetur
999 2431 1102 2493 oratio,

102 2534 183 2592 Nam
205 2541 238 2592 ut
258 2530 289 2591 in
311 2532 494 2609 simplicibus
516 2532 613 2596 verbis
635 2532 718 2609 quod
739 2542 868 2601 nonest
889 2529 1039 2602 Latinum,
1062 2529 1104 2590 sic

103 2628 134 2688 in
153 2628 321 2690 coniunctis
343 2632 425 2707 quod
446 2649 508 2689 non
530 2640 574 2689 est
593 2648 781 2706 consequens
799 2627 1029 2706 vituperandum
1050 2636 1102 2687 est

57 2741 90 2792 25
104 2726 287 2789 Communia
306 2739 407 2787 autem
428 2726 608 2805 simplicium
629 2726 919 2804 coniunctorumque
940 2727 1014 2786 haec
1036 2735 1106 2785 sunt
1120 2744 1151 2798 19

103 2823 237 2902 quinque
258 2823 343 2900 quasi
364 2824 486 2899 lumina,
506 2823 672 2885 dilucidum
697 2825 787 2886 breve
807 2823 961 2901 probabile
982 2823 1115 2883 inlustre.

103 2941 202 2982 suave.
236 2920 410 2982 Dilucidum
421 2923 472 2982 fiet
483 2921 597 2982 usitatis
608 2921 705 2982 verbis
720 2921 844 3000 propriis
856 2920 1015 2999 dispositis,
1028 2918 1104 3002 [aut]

102 3018 377 3096 circumscriptione
398 3020 540 3080 conclusa
560 3030 612 3079 aut
628 3018 847 3080 intermissione
865 3031 916 3078 aut
933 3017 1105 3079 concisione

102 3117 276 3191 verborum3
293 3117 453 3178 obscurum
465 3129 566 3178 autem
576 3129 628 3177 aut
639 3117 825 3195 longitudine
839 3128 890 3176 aut
901 3116 1105 3178 contractione

38 3247 40 3250 >
58 3234 89 3283 30
103 3209 244 3271 orationis
262 3221 315 3271 aut
329 3210 523 3290 ambiguitate
543 3222 595 3271 aut
612 3209 772 3272 inflexione
792 3223 882 3288 atque
896 3209 1105 3270 immutatione

101 3308 269 3368 verborum.
317 3307 450 3369 Brevitas
477 3320 577 3370 autem
605 3307 762 3369 conficitur
789 3307 973 3385 simplicibus
997 3307 1103 3381 verbis,

103 3408 195 3467 semel
211 3427 270 3467 una
284 3426 404 3484 quaque
418 3427 449 3467 re
463 3407 600 3482 dicenda,
616 3405 690 3467 nulli
704 3405 746 3466 rei
760 3405 816 3488 nisi
831 3417 863 3465 ut
877 3391 1008 3467 dilucide
1023 3404 1105 3467 dicas

236 3578 267 3626 27
286 3569 331 3611 aut
341 3562 429 3612 om.P
557 3563 590 3611 28
607 3561 825 3628 conclusavulg.:
843 3561 982 3612 concisaP
