2588 4178
131 219 169 281 55
184 222 230 264 202
436 207 480 266 M.
501 206 630 268 rvmr
650 206 884 270 crcnnours

180 383 300 450 ruptum
328 372 470 435 orationis
496 392 602 453 genus
650 375 827 437 Inveniebat
853 375 941 454 igitur
967 386 1064 448 acute.
1078 375 1180 449 Cotta,

180 470 300 532 dicebat
316 491 389 550 pure
405 493 441 533 ac
459 476 556 534 solute
565 497 574 549 ;
594 486 625 535 et
643 486 677 535 ut
694 476 733 535 ad
752 473 955 535 infirmitatem
972 476 1098 535 laterum
1116 494 1180 552 per·

180 567 308 630 scienter
326 570 551 633 contentionem
569 592 691 634 omnem
709 571 868 645 remiserat,
885 570 928 632 sic
945 573 985 633 ad
1003 570 1109 631 virium
1126 571 1180 630 im-

181 667 373 728 becillitatem
397 668 519 730 dicendi
542 671 792 731 accommodabat
815 689 917 747 genus.
960 669 1045 734 Nihil
1065 680 1128 730 erat
1148 667 1180 731 in

180 764 245 825 eius
259 765 393 826 oratione
407 765 634 840 nisi‘sincerum,
651 767 725 827 nihil
738 766 796 827 nisi
813 766 925 827 siccum
944 776 1036 844 atque
1048 785 1181 840 ¹sanum;
1195 790 1209 840 5

180 861 315 940 illudque
336 863 506 939 maximum,
517 867 600 943 quod
612 871 681 925 cum
695 863 889 926 contentione
906 863 1047 925 orationis
1061 865 1180 924 flectere

180 959 297 1021 animos
316 961 449 1021 iudicum
466 961 514 1021 vix
534 973 636 1040 posset
656 982 713 1023 nec
732 961 857 1023 omnino
876 982 913 1023 eo
931 971 1039 1041 genere
1058 961 1178 1034 diceret,

181 1060 336 1119 tractando
356 1071 456 1120 tamen
469 1059 643 1138 impellebat
657 1072 690 1120 ut
708 1060 790 1122 idem
808 1055 940 1121 lacerent
953 1080 971 1120 a
985 1079 1017 1120 se
1035 1059 1180 1120 commoti

122 1189 167 1239 ²03
181 1157 263 1233 quod
277 1176 296 1215 a
309 1156 441 1235 Sulpicio
458 1157 606 1219 concitati.
651 1158 719 1219 Fuit
733 1157 814 1219 enim
828 1157 976 1235 Sulpicius
990 1159 1037 1218 vel
1051 1156 1180 1218 maxime

181 1253 324 1326 omnium,
349 1274 425 1332 quos
449 1255 573 1333 quidem
597 1276 653 1334 ego
679 1255 852 1330 audiverim,
876 1254 996 1334 grandis
1019 1266 1057 1328 et,
1081 1266 1115 1315 ut
1139 1254 1181 1315 ita
1196 1281 1226 1316 ro

181 1350 289 1424 dicam,
313 1351 440 1430 tragicus
466 1363 572 1414 orator.
615 1356 687 1415 'Vox
713 1374 783 1414 cum
810 1365 1006 1432 magnatum
1031 1352 1129 1414 suavis
1150 1363 1182 1414 et

181 1449 357 1527 splendida,
376 1461 476 1528 gestus
495 1462 525 1511 et
544 1462 643 1512 motus
664 1451 795 1530 corporis
813 1450 855 1511 ita
873 1440 1015 1512 venustus
1031 1463 1065 1512 ut
1078 1461 1181 1512 tamen

181 1548 220 1608 ad
238 1549 344 1621 forum,
361 1567 422 1607 non
440 1549 480 1608 ad
500 1567 638 1608 scaenam
657 1548 808 1608 institutus
822 1547 971 1609 videretur
980 1569 989 1623 ;
1008 1547 1131 1609 incitata
1149 1559 1181 1609 et

180 1644 319 1705 volubilis
333 1664 389 1704 nec
408 1665 444 1705 ea
462 1647 633 1717 redundans
654 1657 754 1706 tamen
772 1665 828 1706 nec
847 1645 1056 1707 circumfluens
1074 1644 1177 1708 oratio.

181 1744 321 1806 Crassum
337 1743 386 1804 hic
396 1744 516 1805 volebat
529 1742 654 1820 imitari3
675 1746 765 1806 Cotta
778 1745 908 1805 malebat
918 1743 1104 1820 Antonium3
1125 1746 1180 1806 sed
1192 1768 1223 1818 15

122 1871 168 1920 204
181 1842 220 1902 ab
234 1844 293 1902 hoc
306 1841 350 1901 vis
364 1843 466 1902 aberat
480 1841 603 1915 Antoni,
619 1842 771 1922 Crassifflab
784 1841 836 1903 illo
850 1845 942 1924 lepos.
986 1843 1015 1905 Ο
1030 1862 1177 1921 magnam,

182 1938 286 2017 inquit,
303 1944 395 2000 artem
408 1945 414 1999 l
457 1943 583 2000 Brutus:
605 1940 630 2001 si
644 1941 767 2019 quidem
782 1940 853 2013 istis,
869 1961 939 2001 cum
956 1939 1066 2001 summi
1080 1951 1181 2002 essent

129 2052 169 2122 56
183 2049 323 2114 oratores,
337 2041 415 2100 duae
435 2059 482 2100 res
501 2039 648 2100 maximae
666 2041 758 2099 altera
777 2038 861 2100 alteri
872 2037 983 2108 deluit.
1025 2041 1127 2117 Atque
1148 2037 1180 2099 in

182 2136 228 2196 his
247 2137 413 2197 oratoribus
431 2137 505 2198 illud
525 2137 824 2198 animadvertendum
842 2148 895 2210 est,
911 2156 1000 2215 posse
1018 2156 1084 2198 esse
1102 2156 1181 2197 sum·
1261 2218 1263 2221 Ι

182 2254 258 2310 mos,
272 2234 323 2313 qui
338 2235 414 2296 inter
428 2255 459 2297 se
473 2235 532 2295 sint
546 2234 721 2296 dissimiles'
756 2234 839 2295 Nihil
854 2233 935 2296 enim
955 2246 1016 2295 tam
1035 2233 1180 2296 dissimile
1195 2258 1226 2294 20

181 2352 272 2410 quarn
293 2335 382 2395 Cotta
399 2332 539 2411 Sulpicio,
555 2344 585 2394 et
603 2344 727 2411 uterque
745 2332 920 2410 aequalibus
939 2331 1000 2392 suis
1017 2331 1179 2411 plurimum

181 2430 332 2508 praestitit.
377 2433 447 2507 Qua
460 2450 491 2491 re
505 2432 564 2492 hoc
578 2431 708 2492 doctoris
723 2429 920 2508 intellegentis
939 2441 984 2491 est
997 2430 1107 2504 videre,
1118 2450 1180 2508 quo

181 2532 255 2590 ferat
269 2540 373 2589 natura
386 2548 440 2589 sua
453 2548 614 2607 quemque,
629 2538 658 2590 et
672 2549 708 2590 ea
721 2530 799 2589 duce
813 2538 946 2589 utentem
961 2527 1003 2590 sic
1016 2528 1181 2605 instituere,

181 2639 214 2687 ut
235 2629 396 2687 Isocratem
415 2626 447 2686 in
465 2626 609 2687 acerrimo
628 2625 748 2704 ingenio
764 2625 956 2704 Theopompi
974 2638 1005 2688 et
1025 2617 1180 2688 lenissimo

182 2724 296 2802 Ephori
310 2724 418 2785 dixisse
432 2724 572 2785 traditum
587 2735 640 2797 est,
655 2724 738 2784 alteri
752 2745 785 2785 se
798 2724 923 2785 calcaria
936 2724 1079 2785 adhibere
1095 2725 1180 2787 alteri
1195 2748 1225 2797 25

121 2841 167 2894 205
181 2825 288 2884 frenos.
332 2822 443 2900 Sulpici
464 2822 612 2883 orationes
634 2842 710 2900 quae
730 2824 871 2894 feruntur,
891 2842 941 2882 eas
962 2833 1031 2900 post
1051 2834 1180 2884 mortem

181 2921 245 2982 eius
265 2919 416 2998 scripsisse
438 2923 469 2980 P.
490 2920 658 2982 Cannutius
679 2932 799 2999 putatur
818 2919 949 2998 aequalis
971 2941 1063 3006 meus,
1087 2923 1181 2984 homo

181 3031 262 3081 extra
282 3030 416 3079 nostrum
438 3016 575 3080 ordinem
597 3019 798 3081 meoiudicio
819 3017 1036 3081 disertissimus.
1080 3019 1180 3097 Ipsius

182 3117 297 3196 Sulpici.
322 3119 404 3177 nulla
431 3118 525 3178 oratio
552 3129 607 3193 est,
632 3139 780 3197 saepeque
804 3138 840 3179 ex
862 3139 899 3179 eo
920 3116 1028 3192 audivi,
1053 3138 1122 3179 cum
1147 3139 1180 3181 se

182 3215 309 3277 scribere
323 3234 422 3293 neque
435 3235 596 3276 consuesse
612 3235 711 3294 neque
728 3235 817 3295 posse
835 3215 954 3276 diceret.
998 3217 1106 3278 Cottae
1124 3236 1180 3296 pro
1196 3235 1228 3285 30

217 3387 231 3433 7
249 3388 315 3421 nec.
330 3407 355 3421 ..
371 3371 524 3420 diceretsecl.
539 3369 652 3420 Weidner
718 3385 748 3419 ro
758 3370 873 3419 omniurn
885 3369 943 3419 add.
952 3370 1020 3420 codd.
1034 3370 1080 3421 det.
1150 3375 1181 3421 18

183 3439 309 3488 maximae
321 3433 389 3486 codd.
402 3437 464 3485 det:
483 3435 623 3486 maximeL
697 3449 727 3498 19
741 3441 799 3500 post
808 3437 869 3485 illud
882 3435 941 3485 add.
955 3438 1058 3498 inquam
1069 3434 1184 3488 Weidner

183 3519 213 3553 21
232 3504 347 3565 Sulpicio
359 3501 399 3551 L:
417 3502 524 3564 Sulpicii
537 3502 643 3567 Madvig
731 3517 762 3562 24
779 3508 805 3551 et
817 3501 946 3551 lenissimo
959 3502 994 3551 C:
1011 3519 1026 3552 e
1038 3504 1180 3554 denissimo

185 3567 236 3618 0¹:
259 3576 285 3618 et
303 3568 461 3616 lenissimum
481 3566 563 3616 621¹:
588 3574 615 3617 et
633 3567 775 3617 lentissimo
799 3566 875 3630 Vogel
895 3583 926 3616 ex
949 3567 1053 3630 Quintil.
1072 3569 1098 3618 ii.
1111 3570 1136 3629 8,
1151 3584 1179 3619 11

183 3649 214 3695 27
232 3635 356 3684 Canutius
367 3634 434 3698 υκΙς.
