2588 4178
543 201 704 270 TOPICA
1088 223 1129 283 ⁹4
1144 231 1190 284 9¹-

171 371 243 434 Tria
259 382 328 433 sunt
346 368 458 454 [igitur]
477 390 586 450 genera
601 391 776 432 causarum:
797 369 890 432 iudici
909 371 1131 434 deliberationis
1145 397 1174 451 9¹

131 469 318 532 laudationis.
363 471 497 546 Quarum
517 471 591 530 fines
611 469 668 548 ipsi
687 471 839 531 declarant
857 469 966 548 quibus
983 471 1130 532 utendum

131 569 205 631 locis
226 567 271 629 sit.
314 569 394 628 Nam
415 566 507 629 iudici
527 567 595 628 finis
615 579 661 629 est
681 566 737 641 ius,
758 585 795 627 ex
816 586 877 645 quo
897 566 987 628 etiam
1008 587 1128 630 nornen.

130 666 208 728 Iuris
221 677 323 728 autem
340 675 437 744 partes
451 676 515 726 tum
530 665 692 744 expositae,
704 684 775 726 curn
788 663 954 742 aequitatis.
998 665 1132 726 Deliber-

103 764 202 836 5andi
227 763 295 824 finis
318 763 436 837 utilitas,
455 762 540 824 cuius
564 783 618 825 eae
640 774 738 842 partes
761 782 838 841 quae
862 764 957 824 modo
978 763 1130 842 expositae

130 860 243 946 [rerum
258 857 513 943 expetendarum}
558 860 753 922 Laudationis
768 861 835 922 finis
849 862 998 935 honestas,
1017 863 1056 922 de
1071 882 1131 941 qua

128 960 203 1022 item
231 969 276 1021 est
303 970 373 1020 ante
400 958 523 1019 dictum.
566 960 627 1020 Sed
654 957 796 1020 definitae
820 957 1009 1038 quaestiones
1029 979 1048 1019 a
1069 959 1129 1020 suis
1143 974 1174 1028 92

128 1077 268 1137 quaeque
281 1055 355 1117 locis
374 1054 459 1134 quasi
477 1055 603 1135 propriis
622 1056 814 1130 instruuntur,
830 1102 836 1117 .
853 1102 860 1117 .
877 1102 884 1116 .
901 1075 978 1136 quae
994 1056 1026 1117 in
1044 1077 1130 1119 accu-

128 1154 277 1216 sationem
291 1153 558 1232 defensionemque
571 1154 714 1233 partitae;
734 1154 885 1233 inquibus
899 1153 1044 1215 exsistunt
1054 1156 1129 1216 haec

85 1275 116 1313 ro
127 1271 248 1332 genera,
261 1263 295 1312 ut
308 1263 464 1313 accusator
480 1272 638 1330 personam
652 1263 755 1331 arguat
768 1251 845 1325 facti,
862 1253 1002 1313 defensor
1015 1251 1128 1331 aliquid

128 1361 263 1429 opponat
281 1351 321 1410 de
339 1349 453 1410 tribus:
473 1360 527 1410 aut
544 1370 606 1411 non
624 1370 689 1412 esse
705 1351 817 1411 factum
833 1360 895 1425 aut,
909 1349 934 1410 si
949 1348 988 1410 sit
1006 1351 1126 1424 facturn,

127 1447 211 1509 aliud
232 1446 296 1509 eius
316 1446 387 1507 facti
406 1467 519 1508 nomen
540 1467 605 1508 esse
625 1458 676 1508 aut
695 1447 758 1508 iure
776 1467 842 1509 esse
857 1449 978 1508 factum.
1023 1449 1129 1525 Itaque

98 1599 101 1602 ,
127 1556 181 1606 aut
204 1544 334 1606 infitialis
355 1557 406 1606 aut
430 1545 638 1606 coniecturalis
662 1545 757 1624 prima
780 1547 955 1624 appelletur,
975 1543 1129 1607 definitiva
1217 1565 1219 1569 ⁴

126 1646 228 1718 altera,
244 1642 337 1718 tertia,
353 1643 489 1722 quamvis
508 1645 668 1704 molestum
686 1663 799 1705 nornen
816 1645 876 1704 hoc
895 1642 941 1718 sit,
957 1641 1127 1705 iuridicialis

84 1769 114 1820 15
127 1751 259 1803 vocetur.
297 1743 414 1801 Harum
425 1761 581 1802 causarum
595 1741 712 1820 propria
725 1752 899 1819 argumenta
909 1761 945 1801 ex
955 1740 998 1801 eis
1008 1752 1127 1820 sumpta
1140 1753 1179 1814 2⁵

127 1839 203 1901 locis
231 1859 307 1918 quos
334 1838 525 1916 exposuimus
557 1838 588 1898 in
621 1838 786 1917 praeceptis
817 1837 952 1900 oratoriis
983 1837 1128 1917 explicata

128 1947 206 1999 sunt
251 1935 405 1997 Refutatio
428 1949 528 1997 autem
552 1936 758 2010 accusationis,
783 1938 813 1995 in
838 1956 898 2014 qua
922 1947 967 1996 est
991 1936 1128 2015 depulsio
1141 1946 1174 1999 9³

127 2034 269 2108 criminis,
290 2034 432 2113 quoniam
453 2036 567 2095 Graece
585 2036 688 2098 στάσις
706 2033 821 2108 dicitur,
837 2035 1002 2111 appelletur
1021 2033 1128 2095 Latine

128 2143 241 2208 status;
263 2131 294 2191 in
308 2152 369 2209 quo
383 2131 513 2210 primum
532 2131 639 2191 insistit
655 2131 739 2208 quasi
758 2133 797 2191 ad
817 2132 1044 2208 repugnandum
1058 2151 1128 2192 con-

83 2255 115 2295 πο
127 2250 228 2310 gressa
242 2229 386 2290 defensio.
429 2233 529 2306 Atque
544 2229 575 2288 in
590 2227 855 2303 deliberationibus
870 2228 960 2289 etiam
980 2242 1010 2291 et
1028 2231 1128 2291 lauda-

127 2327 261 2389 tionibus
275 2326 356 2388 idem
371 2326 516 2387 exsistunt
525 2311 631 2387 ¹'status
674 2329 754 2387 Nam
773 2339 803 2387 et
821 2338 966 2405 negantur
984 2346 1073 2405 saepe
1092 2347 1128 2387 ea

126 2428 226 2488 futura
247 2444 323 2504 quae
343 2426 382 2486 ab
404 2424 505 2502 aliquo
524 2424 555 2484 in
576 2424 724 2486 sententia
748 2411 918 2485 dictasunt
939 2427 1017 2499 fore,
1031 2424 1055 2484 si
1075 2437 1127 2485 aut

127 2523 253 2586 omnino
275 2522 337 2583 fieri
358 2543 420 2583 non
441 2522 556 2599 possint
577 2536 629 2584 aut
650 2523 715 2584 sine
736 2542 853 2583 summa
872 2521 1046 2583 difficultate
1065 2542 1127 2583 non

125 2621 260 2702 possint3
280 2621 311 2680 in
326 2641 385 2698 qua
398 2621 655 2699 argumentatione
669 2633 762 2682 status
776 2619 983 2681 coniecturalis
997 2618 1127 2694 exsistit;

82 2755 112 2805 ²⁵
126 2733 179 2781 aut
200 2739 269 2780 cum
290 2717 403 2806 aliquid
424 2720 463 2779 de
484 2720 610 2780 utilitate
631 2714 788 2780 honestate
807 2717 956 2796 aequitate
975 2716 1127 2778 disseritur
1140 2727 1175 2780 94

126 2821 227 2896 deque
246 2816 288 2879 eis
309 2817 398 2877 rebus
419 2837 496 2894 quae
517 2817 563 2877 his
585 2829 654 2878 sunt
675 2816 839 2878 contrariae
860 2815 1013 2877 incurrunt
1033 2827 1127 2877 status

126 2927 178 2977 aut
192 2915 262 2976 iuris
272 2926 323 2976 aut
338 2916 485 2991 nominis;
507 2919 589 2994 quod
604 2915 685 2977 idern
697 2913 842 2994 contingit
853 2913 883 2974 in
894 2912 1124 2975 laudationibus.

127 3014 207 3074 Nam
226 3024 277 3074 aut
298 3013 398 3091 negari
419 3026 517 3090 potest
537 3013 569 3075 id
588 3015 700 3074 factum
720 3033 786 3073 esse
807 3013 890 3090 quod
910 3012 1055 3086 laudetur,
1075 3024 1127 3072 aut

126 3130 189 3172 non
213 3131 251 3173 eo
274 3111 397 3176 nomine
420 3112 624 3172 adficiendum
652 3131 713 3190 quo
737 3112 874 3175 laudator
900 3107 1051 3196 adfecerit,
1075 3122 1127 3170 aut

80 3238 113 3289 30
127 3208 252 3270 omnino
280 3229 342 3268 non
370 3227 435 3269 esse
467 3209 618 3270 laudabile
646 3210 729 3287 quod
757 3228 819 3268 non
852 3217 940 3280 recte,
969 3226 1031 3267 non
1064 3207 1126 3268 iure

125 3308 238 3367 factum
265 3305 311 3366 sit.
361 3305 480 3380 Quibus
508 3306 650 3367 omnibus
679 3305 839 3384 generibus
867 3323 938 3364 usus
965 3315 1011 3364 est
1038 3303 1126 3366 nimis

162 3462 271 3523 rigitur
288 3478 340 3511 om.
363 3461 403 3511 0:
426 3461 494 3510 enim
513 3460 581 3510 codd.
698 3461 716 3509 6
738 3475 824 3510 rerum
847 3460 1050 3524 expetendarum
1072 3461 1123 3510 secl.

126 3527 247 3577 Fn'edn'clr
346 3531 495 3590 8quaeque
515 3526 600 3575 codd:
624 3541 728 3588 quoque
752 3524 793 3588 Os
899 3526 1062 3575 instruuntur
1080 3526 1126 3574 A:

125 3593 294 3643 instituuntur
314 3594 382 3642 codd.
450 3592 560 3654 Aliquid
568 3592 681 3640 cecidisse
691 3591 758 3640 docet
778 3590 877 3654 Kayser
939 3605 1005 3653 quae
1027 3605 1077 3639 om.
1092 3588 1134 3654 Os

126 3673 158 3707 aa
174 3658 197 3707 si
209 3659 296 3708 codd:
313 3661 359 3708 sed
372 3657 493 3707 Friedrich
592 3670 624 3718 25
641 3663 667 3705 at
678 3656 747 3706 codd.
