2588 4178
504 216 682 287 ORATOR
1051 229 1095 301 64
1109 239 1155 287 218

93 377 237 454 quoniam
256 376 329 438 nihil
349 380 389 439 ad
407 398 470 439 rem
491 391 544 453 est,
560 391 710 457 postrema
731 400 821 458 quam
836 384 924 460 longa
938 381 983 443 sit.
1028 384 1093 443 Iam

93 495 198 552 paean,
219 477 302 554 quod
323 475 414 554 pluris
436 477 546 537 habeat
566 478 694 554 syllabas
718 497 809 555 quarn
834 478 893 552 tris,
916 499 1057 541 numerus
1077 501 1096 541 a

94 573 283 651 quibusdam,
300 593 362 634 non
383 593 436 650 pes
457 574 591 636 habetur.
620 578 691 635 'Est
704 576 835 653 quidem,
852 588 884 637 ut
905 576 980 638 inter
997 577 1096 640 omnis

94 682 212 731 constat
232 671 379 750 antiquos,
396 671 596 746 Aristotelem,
612 675 862 752 Theophrastum,
878 676 1094 749 Theodectem,

66 788 79 836 5
96 770 260 846 Ephorum,
276 788 352 829 unus
366 768 537 847 aptissimus
557 770 684 831 orationi
698 775 744 832 vel
765 771 871 833 orienti
891 775 937 832 vel
959 773 1096 848 mediae,

93 876 200 943 putant
227 865 269 927 illi
296 866 386 927 etiam
414 866 544 943 cadenti,
570 887 633 946 quo
659 872 727 930 loco
755 869 828 928 mihi
857 869 974 930 videtur
1000 870 1098 948 aptior

93 960 228 1024 creticus.
273 964 441 1025 Dochmius
461 976 561 1026 autem
582 986 600 1026 e
620 966 753 1044 quinque
773 966 902 1044 syllabis,
920 966 1010 1042 brevi,
1026 969 1097 1028 dua·

94 1062 151 1121 bus
172 1061 276 1140 longis,
292 1061 382 1136 brevi,
403 1065 500 1140 longa,
519 1074 552 1122 ut
572 1074 617 1123 est
637 1066 714 1124 hoc:
735 1064 858 1125 Amicos
880 1077 971 1139 tenes,
987 1065 1096 1143 quovis

94 1161 162 1218 loco
176 1171 263 1236 aptus
277 1169 330 1232 est,
346 1160 419 1219 dum
434 1162 525 1220 semel
539 1172 683 1238 ponatur:
704 1161 824 1221 iteratus
837 1172 890 1221 aut
905 1160 1096 1222 continuatus
1109 1217 1130 1278 6

51 1286 82 1323 ιο
95 1277 253 1316 numerum
273 1268 409 1334 apertum
430 1268 461 1317 et
478 1256 566 1318 nimis
584 1257 730 1336 insignem
751 1259 829 1319 facit.
873 1259 932 1320 His
951 1258 1038 1338 igitur
1051 1270 1096 1320 tot
1111 1228 1151 1357 21⁵

95 1353 381 1415 commutationibus
405 1365 527 1432 tamque
550 1354 637 1415 variis
661 1355 685 1416 si
710 1367 835 1429 utemur,
856 1375 914 1417 nec
934 1358 1097 1435 deprehen-

94 1453 183 1511 detur
196 1451 353 1513 manifesto
367 1451 441 1529 quid
460 1471 478 1512 a
496 1451 585 1513 nobis
603 1453 643 1513 de
653 1452 797 1514 industria
816 1455 867 1513 fiat
884 1463 920 1514 et'
928 1466 1098 1515 occurretur

95 1548 230 1609 satietati.
274 1551 313 1610 Et
334 1549 487 1627 quianon
508 1569 627 1610 numero
643 1553 735 1610 solum
755 1570 913 1612 numerosa
932 1552 1026 1612 oratio
1042 1553 1096 1612 sed

95 1659 124 1707 et
146 1647 418 1725 compositionefit
438 1658 468 1708 et
488 1667 603 1724 genere,
624 1649 708 1725 quod
727 1658 797 1708 ante
821 1648 935 1709 dictum
956 1661 1010 1723 est,
1028 1669 1098 1710 con-

53 1764 81 1813 15
94 1741 505 1824 cinnitatis-compositione
532 1755 631 1824 potest
657 1744 796 1823 intellegi,
822 1766 891 1806 cum
919 1745 960 1806 ita
987 1758 1097 1807 structa

94 1843 185 1903 verba
199 1855 276 1916 sunt,
291 1854 325 1903 ut
338 1863 480 1903 numerus
500 1863 562 1903 non
581 1843 732 1920 quaesitus
750 1844 804 1903 sed
819 1843 885 1921 ipse
899 1856 1018 1905 secutus
1033 1865 1098 1906 esse

94 1940 237 2014 videatur,
261 1951 294 2000 ut
318 1942 399 2018 apud
424 1941 585 2002 Crassum:
617 1942 697 2000 Nam
721 1939 774 2000 ubi
796 1940 893 2001 libido
916 1941 1096 2015 dominatur,

94 2037 284 2099 innocentiae
299 2041 363 2099 leve
377 2037 558 2116 praesidium
572 2050 636 2112 est;
656 2039 731 2098 ordo
745 2037 827 2098 enim
836 2039 995 2099 verborum
1009 2037 1098 2100 efficit

95 2151 252 2195 numerum
274 2136 338 2196 sine
362 2138 423 2196 ulla
446 2147 547 2214 aperta
570 2135 694 2196 oratoris
718 2134 922 2210 industria-3
949 2135 1051 2213 itaque
1073 2135 1098 2196 si

52 2264 83 2298 ιο
95 2254 173 2311 quae
187 2245 300 2294 veteres
315 2232 364 2307 illi,
382 2235 572 2295 Herodotum
587 2230 657 2294 dico
671 2244 701 2294 et
719 2233 930 2310 Thucydidem
944 2243 1099 2310 totamque

95 2351 161 2391 eam
182 2341 319 2404 aetatem,
334 2342 403 2408 apte
424 2351 642 2409 numeroseque
663 2331 807 2405 dixerunt,
830 2350 948 2392 canon
972 2350 1098 2390 numero

94 2427 238 2506 quaesito,
261 2429 315 2504 sed
338 2429 496 2489 verborum
513 2428 725 2491 'conlocatione
748 2428 928 2490 ceciderunt
972 2431 1097 2490 Formae
1109 2448 1162 2489 aaa

94 2547 164 2587 vero
182 2528 334 2604 ‘quaedam
352 2537 421 2586 sunt
439 2526 589 2600 orationis,
609 2525 641 2586 in
660 2526 770 2604 quibus
790 2547 826 2588 ea
846 2526 1032 2588 concinnitas
1053 2521 1098 2588 est

94 2636 127 2685 ut
148 2624 289 2702 sequatur
301 2644 450 2685 numerus
470 2623 646 2693 necessario,
690 2626 769 2684 N'am
790 2645 858 2685 cum
884 2610 936 2686 aut
960 2644 1014 2703 par
1035 2624 1098 2703 pari

52 2740 82 2790 ²5
94 2725 225 2783 refertur¹
236 2734 288 2783 aut
308 2722 488 2783 contrarium
509 2721 658 2784 contrario
679 2722 840 2800 opponitur
851 2734 911 2783 -aut
929 2742 1007 2801 quae
1021 2722 1099 2783 simi-

93 2821 160 2881 liter
181 2822 294 2881 cadunt
317 2821 408 2892 verba
430 2820 528 2882 verbis
551 2827 770 2899 comparantur,
793 2821 941 2899 quidquid
964 2821 1006 2883 ita
1029 2840 1103 2882 con->

95 2915 232 2991 cluditur,
248 2920 423 2996 plerumque
444 2919 478 2978 fit
497 2929 531 2978 ut
551 2930 710 2979 numerose
730 2920 826 2992 cadat,
847 2938 908 2996 quo
929 2920 969 2980 de
990 2938 1098 2998 genere

95 3035 165 3074 cum
179 3015 322 3093 exemplis
336 3035 424 3092 supra
437 3014 585 3090 diximus3
605 3027 638 3076 ut
652 3017 726 3076 haec
740 3021 861 3093 quoque
875 3015 962 3094 copia
978 3017 1099 3077 faculta-

98 3124 159 3172 tem
186 3113 300 3173 adlerat
323 3132 384 3172 non
412 3133 530 3192 semper
557 3114 665 3174 eodem
695 3115 787 3175 modo
814 3113 993 3186 desinendi„
1031 3117 1097 3174 Nec
1161 3165 1164 3170 .

53 3232 85 3280 30
98 3221 199 3270 tamen
220 3211 295 3271 haec
315 3209 356 3271 ita
376 3212 446 3270 sunt
465 3222 529 3271 arta
550 3221 580 3271 et
603 3211 732 3285 astricta,
752 3224 785 3272 ut
805 3231 848 3286 ea,
871 3231 941 3272 cum
962 3200 1096 3286 yelimus,
1139 3246 1141 3250 ·

122 3381 146 3413 -a
162 3365 288 3415 habeatL
300 3381 306 3414 ι
316 3365 401 3417 ἸΙτιιίκεῐ
412 3365 525 3428 Rufinus
548 3369 551 3374 ’
666 3373 682 3429 3·
699 3367 806 3415 habetur
816 3366 839 3413 L
851 3383 857 3414 :
872 3366 1033 3417 existimatur
1043 3366 1097 3416 Ru·
1165 3391 1168 3398 ·

91 3432 179 3495 finus:
197 3433 345 3480 nominatur
356 3429 422 3479 Reid
517 3446 558 3491 ·13
576 3447 683 3482 numero
694 3433 776 3481 solum
787 3432 854 3482 codd.
866 3432 922 3483 deu.
936 3433 998 3496 (om.
1010 3449 1096 3482 nume·

98 3498 185 3561 rosa):
202 3513 252 3548 om.
266 3496 289 3545 L
395 3497 434 3558 23'
445 3512 477 3545 ea
491 3496 562 3546 edd:
586 3513 616 3547 ea
633 3498 655 3546 si
671 3497 694 3545 L
707 3514 714 3547 ι
733 3512 764 3546 ea
780 3498 877 3574 scilicet
888 3498 995 3562 Stangl:
1013 3514 1044 3548 ea
1059 3499 1096 3548 sic

97 3561 238 3628 Heerdegen
337 3563 418 3625 26-27
436 3562 580 3625 quidquid.
593 3598 599 3612 .
611 3597 618 3614 .
632 3563 661 3612 fit
671 3563 755 3628 vulg.:
773 3564 834 3624 qu1d
845 3565 913 3626 quod
926 3601 933 3616 .
946 3600 952 3615 .
966 3599 972 3614 .
986 3562 1058 3613 sicL
