<?xml version="1.0" encoding="UTF-8"?>
<!DOCTYPE html PUBLIC "-//W3C//DTD XHTML 1.0 Transitional//EN"
    "http://www.w3.org/TR/xhtml1/DTD/xhtml1-transitional.dtd">
<html xmlns="http://www.w3.org/1999/xhtml" xml:lang="en" lang="en">
 <head>
  <title>
</title>
<meta http-equiv="Content-Type" content="text/html;charset=utf-8" />
  <meta name='ocr-system' content='tesseract 3.04.00' />
  <meta name='ocr-capabilities' content='ocr_page ocr_carea ocr_par ocr_line ocrx_word'/>
</head>
<body>
  <div class='ocr_page' id='page_1' title='image "./mtvlliciceronis00wilkgoog_0087.png"; bbox 0 0 2588 4178; ppageno 0'>
   <div class='ocr_carea' id='block_1_1' title="bbox 527 217 1176 292">
    <p class='ocr_par' dir='ltr' id='par_1_1' title="bbox 527 217 1176 292">
     <span class='ocr_line' id='line_1_1' title="bbox 527 217 1176 292; baseline 0.002 -16"><span class='ocrx_word' id='word_1_1' title='bbox 527 217 691 277; x_wconf 89' lang='lat' dir='ltr'>BRVTVS</span> <span class='ocrx_word' id='word_1_2' title='bbox 1074 230 1112 291; x_wconf 84' lang='grc'>73</span> <span class='ocrx_word' id='word_1_3' title='bbox 1128 241 1176 292; x_wconf 67' lang='lat'>²5⁴</span> 
     </span>
    </p>
   </div>
   <div class='ocr_carea' id='block_1_2' title="bbox 62 382 1175 2903">
    <p class='ocr_par' dir='ltr' id='par_1_2' title="bbox 109 382 1175 756">
     <span class='ocr_line' id='line_1_2' title="bbox 111 382 1112 462; baseline 0.003 -22"><span class='ocrx_word' id='word_1_4' title='bbox 111 383 182 456; x_wconf 91' lang='lat' dir='ltr'>laus,</span> <span class='ocrx_word' id='word_1_5' title='bbox 199 382 356 444; x_wconf 91' lang='lat' dir='ltr'>sedetiam</span> <span class='ocrx_word' id='word_1_6' title='bbox 372 384 450 444; x_wconf 90' lang='lat' dir='ltr'>bene</span> <span class='ocrx_word' id='word_1_7' title='bbox 469 384 607 445; x_wconf 91' lang='lat' dir='ltr'>meritum</span> <span class='ocrx_word' id='word_1_8' title='bbox 625 385 664 445; x_wconf 91' lang='lat' dir='ltr'>de</span> <span class='ocrx_word' id='word_1_9' title='bbox 681 383 785 462; x_wconf 93' lang='lat' dir='ltr'>populi</span> <span class='ocrx_word' id='word_1_10' title='bbox 800 382 931 448; x_wconf 90' lang='lat' dir='ltr'>Romani</span> <span class='ocrx_word' id='word_1_11' title='bbox 946 383 1068 446; x_wconf 92' lang='lat' dir='ltr'>nomine</span> <span class='ocrx_word' id='word_1_12' title='bbox 1082 395 1112 445; x_wconf 92' lang='lat' dir='ltr'>et</span> 
     </span>
     <span class='ocr_line' id='line_1_3' title="bbox 109 480 1112 558; baseline 0.002 -18"><span class='ocrx_word' id='word_1_13' title='bbox 109 480 260 558; x_wconf 83' lang='lat' dir='ltr'>dignitate.</span> <span class='ocrx_word' id='word_1_14' title='bbox 305 483 376 557; x_wconf 90' lang='lat' dir='ltr'>Quo</span> <span class='ocrx_word' id='word_1_15' title='bbox 397 482 478 542; x_wconf 91' lang='lat' dir='ltr'>enim</span> <span class='ocrx_word' id='word_1_16' title='bbox 500 503 562 543; x_wconf 92' lang='lat' dir='ltr'>uno</span> <span class='ocrx_word' id='word_1_17' title='bbox 580 482 774 543; x_wconf 88' lang='lat' dir='ltr'><strong>vincebamur</strong></span> <span class='ocrx_word' id='word_1_18' title='bbox 793 502 812 543; x_wconf 92' lang='lat' dir='ltr'>a</span> <span class='ocrx_word' id='word_1_19' title='bbox 831 480 909 542; x_wconf 91' lang='lat' dir='ltr'>victa</span> <span class='ocrx_word' id='word_1_20' title='bbox 928 483 1061 556; x_wconf 86' lang='lat' dir='ltr'>Graecia,</span> <span class='ocrx_word' id='word_1_21' title='bbox 1080 483 1112 542; x_wconf 93' lang='lat' dir='ltr'>id</span> 
     </span>
     <span class='ocr_line' id='line_1_4' title="bbox 109 577 1113 655; baseline 0.004 -19"><span class='ocrx_word' id='word_1_22' title='bbox 109 588 161 636; x_wconf 91' lang='lat' dir='ltr'>aut</span> <span class='ocrx_word' id='word_1_23' title='bbox 179 588 314 655; x_wconf 91' lang='lat' dir='ltr'>ereptum</span> <span class='ocrx_word' id='word_1_24' title='bbox 333 577 389 638; x_wconf 94' lang='lat' dir='ltr'>illis</span> <span class='ocrx_word' id='word_1_25' title='bbox 407 590 452 638; x_wconf 89' lang='lat' dir='ltr'>est</span> <span class='ocrx_word' id='word_1_26' title='bbox 469 590 521 638; x_wconf 90' lang='lat' dir='ltr'>aut</span> <span class='ocrx_word' id='word_1_27' title='bbox 540 592 619 639; x_wconf 91' lang='lat' dir='ltr'>certe</span> <span class='ocrx_word' id='word_1_28' title='bbox 640 579 728 639; x_wconf 93' lang='lat' dir='ltr'>nobis</span> <span class='ocrx_word' id='word_1_29' title='bbox 747 599 816 639; x_wconf 90' lang='lat' dir='ltr'>cum</span> <span class='ocrx_word' id='word_1_30' title='bbox 836 578 893 639; x_wconf 92' lang='lat' dir='ltr'>illis</span> <span class='ocrx_word' id='word_1_31' title='bbox 912 579 1113 640; x_wconf 88' lang='lat' dir='ltr'>communica-</span> 
     </span>
     <span class='ocr_line' id='line_1_5' title="bbox 110 675 1175 756; baseline 0.003 -22"><span class='ocrx_word' id='word_1_32' title='bbox 110 685 182 734; x_wconf 92' lang='lat' dir='ltr'>tum.</span> <span class='ocrx_word' id='word_1_33' title='bbox 227 679 318 735; x_wconf 91' lang='lat' dir='ltr'>Hanc</span> <span class='ocrx_word' id='word_1_34' title='bbox 339 687 449 750; x_wconf 91' lang='lat' dir='ltr'>autem,</span> <span class='ocrx_word' id='word_1_35' title='bbox 473 675 577 754; x_wconf 89' lang='lat' dir='ltr'>inquit,</span> <span class='ocrx_word' id='word_1_36' title='bbox 602 677 725 756; x_wconf 82' lang='lat' dir='ltr'><strong>gloriam</strong></span> <span class='ocrx_word' id='word_1_37' title='bbox 748 677 1014 755; x_wconf 88' lang='lat' dir='ltr'>testimoniumque</span> <span class='ocrx_word' id='word_1_38' title='bbox 1039 679 1112 740; x_wconf 88' lang='lat' dir='ltr'>Cae·</span> <span class='ocrx_word' id='word_1_39' title='bbox 1126 686 1175 738; x_wconf 78' lang='lat'>²⁵5</span> 
     </span>
    </p>

    <p class='ocr_par' dir='ltr' id='par_1_3' title="bbox 80 773 1112 1242">
     <span class='ocr_line' id='line_1_6' title="bbox 80 773 1112 852; baseline 0.003 -20"><span class='ocrx_word' id='word_1_40' title='bbox 80 773 181 839; x_wconf 76' lang='lat' dir='ltr'>ssaris</span> <span class='ocrx_word' id='word_1_41' title='bbox 203 784 271 834; x_wconf 90' lang='lat' dir='ltr'>tuae</span> <span class='ocrx_word' id='word_1_42' title='bbox 294 773 418 851; x_wconf 91' lang='lat' dir='ltr'>quidem</span> <span class='ocrx_word' id='word_1_43' title='bbox 447 774 658 852; x_wconf 85' lang='lat' dir='ltr'>supplicationi</span> <span class='ocrx_word' id='word_1_44' title='bbox 681 795 751 848; x_wconf 92' lang='lat' dir='ltr'>non,</span> <span class='ocrx_word' id='word_1_45' title='bbox 778 777 832 836; x_wconf 92' lang='lat' dir='ltr'>sed</span> <span class='ocrx_word' id='word_1_46' title='bbox 859 774 1015 852; x_wconf 89' lang='lat' dir='ltr'>triumphis</span> <span class='ocrx_word' id='word_1_47' title='bbox 1039 777 1112 835; x_wconf 93' lang='lat' dir='ltr'>mul-</span> 
     </span>
     <span class='ocr_line' id='line_1_7' title="bbox 109 872 1111 950; baseline 0.003 -20"><span class='ocrx_word' id='word_1_48' title='bbox 109 882 206 931; x_wconf 91' lang='lat' dir='ltr'>torum</span> <span class='ocrx_word' id='word_1_49' title='bbox 224 882 384 948; x_wconf 92' lang='lat' dir='ltr'>antepono.</span> <span class='ocrx_word' id='word_1_50' title='bbox 429 875 468 932; x_wconf 92' lang='lat' dir='ltr'>Et</span> <span class='ocrx_word' id='word_1_51' title='bbox 485 884 564 932; x_wconf 90' lang='lat' dir='ltr'>recte</span> <span class='ocrx_word' id='word_1_52' title='bbox 582 872 713 950; x_wconf 90' lang='lat' dir='ltr'>quidem,</span> <span class='ocrx_word' id='word_1_53' title='bbox 731 872 863 950; x_wconf 88' lang='lat' dir='ltr'>inquam,</span> <span class='ocrx_word' id='word_1_54' title='bbox 882 875 994 948; x_wconf 75' lang='lat' dir='ltr'>Brute,</span> <span class='ocrx_word' id='word_1_55' title='bbox 1019 876 1111 935; x_wconf 91' lang='lat' dir='ltr'>modo</span> 
     </span>
     <span class='ocr_line' id='line_1_8' title="bbox 108 968 1109 1042; baseline 0.005 -16"><span class='ocrx_word' id='word_1_56' title='bbox 108 968 146 1027; x_wconf 92' lang='lat' dir='ltr'>sit</span> <span class='ocrx_word' id='word_1_57' title='bbox 173 969 232 1028; x_wconf 91' lang='lat' dir='ltr'>hoc</span> <span class='ocrx_word' id='word_1_58' title='bbox 260 968 395 1030; x_wconf 82' lang='lat' dir='ltr'>Caesaris</span> <span class='ocrx_word' id='word_1_59' title='bbox 423 969 522 1042; x_wconf 89' lang='lat' dir='ltr'>iudici,</span> <span class='ocrx_word' id='word_1_60' title='bbox 552 990 614 1029; x_wconf 95' lang='lat' dir='ltr'>non</span> <span class='ocrx_word' id='word_1_61' title='bbox 642 970 869 1031; x_wconf 90' lang='lat' dir='ltr'>benevolentiae</span> <span class='ocrx_word' id='word_1_62' title='bbox 896 969 1109 1031; x_wconf 92' lang='lat' dir='ltr'>testimonium.</span> 
     </span>
     <span class='ocr_line' id='line_1_9' title="bbox 110 1065 1111 1145; baseline 0.004 -21"><span class='ocrx_word' id='word_1_63' title='bbox 110 1067 180 1124; x_wconf 92' lang='lat' dir='ltr'>Plus</span> <span class='ocrx_word' id='word_1_64' title='bbox 194 1065 274 1126; x_wconf 91' lang='lat' dir='ltr'>enim</span> <span class='ocrx_word' id='word_1_65' title='bbox 294 1077 374 1126; x_wconf 92' lang='lat' dir='ltr'>certe</span> <span class='ocrx_word' id='word_1_66' title='bbox 391 1067 499 1127; x_wconf 92' lang='lat' dir='ltr'>adtulit</span> <span class='ocrx_word' id='word_1_67' title='bbox 517 1067 587 1127; x_wconf 91' lang='lat' dir='ltr'>huic</span> <span class='ocrx_word' id='word_1_68' title='bbox 606 1070 720 1145; x_wconf 93' lang='lat' dir='ltr'>populo</span> <span class='ocrx_word' id='word_1_69' title='bbox 738 1067 899 1144; x_wconf 85' lang='lat' dir='ltr'>dignitatis,</span> <span class='ocrx_word' id='word_1_70' title='bbox 915 1067 1049 1145; x_wconf 89' lang='lat' dir='ltr'>quisquis</span> <span class='ocrx_word' id='word_1_71' title='bbox 1066 1079 1111 1128; x_wconf 91' lang='lat' dir='ltr'>est</span> 
     </span>
     <span class='ocr_line' id='line_1_10' title="bbox 108 1162 1111 1242; baseline 0.003 -21"><span class='ocrx_word' id='word_1_72' title='bbox 108 1162 166 1235; x_wconf 95' lang='lat' dir='ltr'>ille,</span> <span class='ocrx_word' id='word_1_73' title='bbox 182 1162 206 1222; x_wconf 92' lang='lat' dir='ltr'>si</span> <span class='ocrx_word' id='word_1_74' title='bbox 218 1165 311 1223; x_wconf 92' lang='lat' dir='ltr'>modo</span> <span class='ocrx_word' id='word_1_75' title='bbox 325 1175 370 1224; x_wconf 88' lang='lat' dir='ltr'>est</span> <span class='ocrx_word' id='word_1_76' title='bbox 383 1163 497 1241; x_wconf 89' lang='lat' dir='ltr'>aliquis,</span> <span class='ocrx_word' id='word_1_77' title='bbox 514 1164 565 1242; x_wconf 92' lang='lat' dir='ltr'>qui</span> <span class='ocrx_word' id='word_1_78' title='bbox 579 1173 641 1224; x_wconf 93' lang='lat' dir='ltr'>non</span> <span class='ocrx_word' id='word_1_79' title='bbox 658 1165 823 1225; x_wconf 88' lang='lat' dir='ltr'>inlustravit</span> <span class='ocrx_word' id='word_1_80' title='bbox 836 1168 929 1226; x_wconf 92' lang='lat' dir='ltr'>modo</span> <span class='ocrx_word' id='word_1_81' title='bbox 948 1169 1002 1227; x_wconf 90' lang='lat' dir='ltr'>sed</span> <span class='ocrx_word' id='word_1_82' title='bbox 1021 1165 1111 1226; x_wconf 89' lang='lat' dir='ltr'>etiam</span> 
     </span>
    </p>

    <p class='ocr_par' dir='ltr' id='par_1_4' title="bbox 64 1260 1174 1731">
     <span class='ocr_line' id='line_1_11' title="bbox 64 1260 1109 1341; baseline 0.005 -23"><span class='ocrx_word' id='word_1_83' title='bbox 64 1283 95 1318; x_wconf 80' lang='grc' dir='ltr'>ιο</span> <span class='ocrx_word' id='word_1_84' title='bbox 108 1260 211 1338; x_wconf 89' lang='lat' dir='ltr'>genuit</span> <span class='ocrx_word' id='word_1_85' title='bbox 224 1260 254 1320; x_wconf 95' lang='lat' dir='ltr'>in</span> <span class='ocrx_word' id='word_1_86' title='bbox 275 1263 331 1320; x_wconf 90' lang='lat' dir='ltr'>hac</span> <span class='ocrx_word' id='word_1_87' title='bbox 350 1263 424 1322; x_wconf 89' lang='lat' dir='ltr'>urbe</span> <span class='ocrx_word' id='word_1_88' title='bbox 441 1261 561 1323; x_wconf 91' lang='lat' dir='ltr'>dicendi</span> <span class='ocrx_word' id='word_1_89' title='bbox 582 1263 709 1340; x_wconf 91' lang='lat' dir='ltr'>copiam,</span> <span class='ocrx_word' id='word_1_90' title='bbox 725 1283 816 1341; x_wconf 91' lang='lat' dir='ltr'>quam</span> <span class='ocrx_word' id='word_1_91' title='bbox 828 1263 885 1336; x_wconf 83' lang='lat' dir='ltr'>illi,</span> <span class='ocrx_word' id='word_1_92' title='bbox 901 1263 953 1341; x_wconf 90' lang='lat' dir='ltr'>qui</span> <span class='ocrx_word' id='word_1_93' title='bbox 968 1264 1109 1341; x_wconf 88' lang='lat' dir='ltr'>Ligurum</span> 
     </span>
     <span class='ocr_line' id='line_1_12' title="bbox 109 1360 1108 1437; baseline 0.003 -19"><span class='ocrx_word' id='word_1_94' title='bbox 109 1361 229 1429; x_wconf 87' lang='lat' dir='ltr'>castella</span> <span class='ocrx_word' id='word_1_95' title='bbox 256 1371 515 1436; x_wconf 88' lang='lat' dir='ltr'>expugnaverunt:</span> <span class='ocrx_word' id='word_1_96' title='bbox 550 1381 587 1420; x_wconf 90' lang='lat' dir='ltr'>ex</span> <span class='ocrx_word' id='word_1_97' title='bbox 613 1360 723 1437; x_wconf 92' lang='lat' dir='ltr'>quibus</span> <span class='ocrx_word' id='word_1_98' title='bbox 751 1360 836 1420; x_wconf 89' lang='lat' dir='ltr'>multi</span> <span class='ocrx_word' id='word_1_99' title='bbox 861 1372 938 1435; x_wconf 87' lang='lat' dir='ltr'>sunt,</span> <span class='ocrx_word' id='word_1_100' title='bbox 964 1373 998 1421; x_wconf 90' lang='lat' dir='ltr'>ut</span> <span class='ocrx_word' id='word_1_101' title='bbox 1019 1361 1108 1435; x_wconf 91' lang='lat' dir='ltr'>scitis,</span> 
     </span>
     <span class='ocr_line' id='line_1_13' title="bbox 108 1455 1174 1534; baseline 0.005 -19"><span class='ocrx_word' id='word_1_102' title='bbox 108 1456 258 1534; x_wconf 91' lang='lat' dir='ltr'>triumphi.</span> <span class='ocrx_word' id='word_1_103' title='bbox 303 1459 415 1517; x_wconf 88' lang='lat' dir='ltr'>Verum</span> <span class='ocrx_word' id='word_1_104' title='bbox 437 1457 560 1534; x_wconf 90' lang='lat' dir='ltr'>quidem</span> <span class='ocrx_word' id='word_1_105' title='bbox 582 1458 607 1517; x_wconf 94' lang='lat' dir='ltr'>si</span> <span class='ocrx_word' id='word_1_106' title='bbox 627 1457 730 1518; x_wconf 89' lang='lat' dir='ltr'>audire</span> <span class='ocrx_word' id='word_1_107' title='bbox 746 1458 892 1530; x_wconf 92' lang='lat' dir='ltr'>volumus,</span> <span class='ocrx_word' id='word_1_108' title='bbox 915 1458 1033 1519; x_wconf 90' lang='lat' dir='ltr'>omissis</span> <span class='ocrx_word' id='word_1_109' title='bbox 1054 1458 1110 1519; x_wconf 93' lang='lat' dir='ltr'>illis</span> <span class='ocrx_word' id='word_1_110' title='bbox 1126 1455 1174 1520; x_wconf 82' lang='lat'>²5⁶</span> 
     </span>
     <span class='ocr_line' id='line_1_14' title="bbox 108 1553 1111 1633; baseline 0.002 -19"><span class='ocrx_word' id='word_1_111' title='bbox 108 1553 216 1614; x_wconf 91' lang='lat' dir='ltr'>divinis</span> <span class='ocrx_word' id='word_1_112' title='bbox 238 1554 377 1627; x_wconf 86' lang='lat' dir='ltr'>consiliis,</span> <span class='ocrx_word' id='word_1_113' title='bbox 403 1554 512 1631; x_wconf 91' lang='lat' dir='ltr'>quibus</span> <span class='ocrx_word' id='word_1_114' title='bbox 534 1575 623 1632; x_wconf 87' lang='lat' dir='ltr'>saepe</span> <span class='ocrx_word' id='word_1_115' title='bbox 646 1554 808 1616; x_wconf 88' lang='lat' dir='ltr'>constituta</span> <span class='ocrx_word' id='word_1_116' title='bbox 830 1567 874 1615; x_wconf 92' lang='lat' dir='ltr'>est</span> <span class='ocrx_word' id='word_1_117' title='bbox 898 1556 1111 1633; x_wconf 90' lang='lat' dir='ltr'>imperatorum</span> 
     </span>
     <span class='ocr_line' id='line_1_15' title="bbox 108 1651 1110 1731; baseline 0.004 -21"><span class='ocrx_word' id='word_1_118' title='bbox 108 1651 253 1728; x_wconf 89' lang='lat' dir='ltr'>sapientia</span> <span class='ocrx_word' id='word_1_119' title='bbox 274 1655 353 1711; x_wconf 89' lang='lat' dir='ltr'>salus</span> <span class='ocrx_word' id='word_1_120' title='bbox 374 1652 500 1712; x_wconf 93' lang='lat' dir='ltr'>civitatis</span> <span class='ocrx_word' id='word_1_121' title='bbox 520 1665 572 1712; x_wconf 90' lang='lat' dir='ltr'>aut</span> <span class='ocrx_word' id='word_1_122' title='bbox 593 1653 663 1713; x_wconf 90' lang='lat' dir='ltr'>belli</span> <span class='ocrx_word' id='word_1_123' title='bbox 684 1665 736 1712; x_wconf 90' lang='lat' dir='ltr'>aut</span> <span class='ocrx_word' id='word_1_124' title='bbox 756 1653 849 1726; x_wconf 92' lang='lat' dir='ltr'>domi,</span> <span class='ocrx_word' id='word_1_125' title='bbox 868 1655 963 1714; x_wconf 92' lang='lat' dir='ltr'>multo</span> <span class='ocrx_word' id='word_1_126' title='bbox 985 1675 1110 1731; x_wconf 90' lang='lat' dir='ltr'>magnus</span> 
     </span>
    </p>

    <p class='ocr_par' dir='ltr' id='par_1_5' title="bbox 65 1750 1111 2220">
     <span class='ocr_line' id='line_1_16' title="bbox 65 1750 1110 1830; baseline 0.008 -26"><span class='ocrx_word' id='word_1_127' title='bbox 65 1769 93 1819; x_wconf 83' lang='lat'>15</span> <span class='ocrx_word' id='word_1_128' title='bbox 108 1760 206 1809; x_wconf 91' lang='lat' dir='ltr'>orator</span> <span class='ocrx_word' id='word_1_129' title='bbox 230 1761 358 1827; x_wconf 86' lang='lat' dir='ltr'>praestat</span> <span class='ocrx_word' id='word_1_130' title='bbox 383 1750 504 1809; x_wconf 92' lang='lat' dir='ltr'>minutis</span> <span class='ocrx_word' id='word_1_131' title='bbox 532 1750 767 1828; x_wconf 89' lang='lat' dir='ltr'>imperatoribus.</span> <span class='ocrx_word' id='word_1_132' title='bbox 813 1755 871 1810; x_wconf 82' lang='lat' dir='ltr'>‘At</span> <span class='ocrx_word' id='word_1_133' title='bbox 897 1754 1020 1830; x_wconf 93' lang='lat' dir='ltr'>prodest</span> <span class='ocrx_word' id='word_1_134' title='bbox 1043 1756 1110 1830; x_wconf 92' lang='lat' dir='ltr'>plus</span> 
     </span>
     <span class='ocr_line' id='line_1_17' title="bbox 108 1847 1110 1926; baseline 0.003 -21"><span class='ocrx_word' id='word_1_135' title='bbox 108 1847 285 1925; x_wconf 90' lang='lat' dir='ltr'>imperator.’</span> <span class='ocrx_word' id='word_1_136' title='bbox 327 1849 404 1924; x_wconf 91' lang='lat' dir='ltr'>Quis</span> <span class='ocrx_word' id='word_1_137' title='bbox 418 1852 528 1926; x_wconf 88' lang='lat' dir='ltr'>negat?</span> <span class='ocrx_word' id='word_1_138' title='bbox 570 1851 629 1910; x_wconf 90' lang='lat' dir='ltr'>Sed</span> <span class='ocrx_word' id='word_1_139' title='bbox 644 1860 849 1917; x_wconf 87' lang='lat' dir='ltr'>tamen-non</span> <span class='ocrx_word' id='word_1_140' title='bbox 867 1860 969 1910; x_wconf 89' lang='lat' dir='ltr'>metuo</span> <span class='ocrx_word' id='word_1_141' title='bbox 984 1870 1022 1911; x_wconf 91' lang='lat' dir='ltr'>ne</span> <span class='ocrx_word' id='word_1_142' title='bbox 1037 1849 1110 1909; x_wconf 94' lang='lat' dir='ltr'>mihi</span> 
     </span>
     <span class='ocr_line' id='line_1_18' title="bbox 107 1945 1111 2024; baseline 0.002 -20"><span class='ocrx_word' id='word_1_143' title='bbox 107 1946 277 2006; x_wconf 88' lang='lat' dir='ltr'>acclametis</span> <span class='ocrx_word' id='word_1_144' title='bbox 288 1968 295 2020; x_wconf 83' lang='lat'><em>3</em></span> <span class='ocrx_word' id='word_1_145' title='bbox 317 1957 361 2006; x_wconf 92' lang='lat' dir='ltr'>est</span> <span class='ocrx_word' id='word_1_146' title='bbox 380 1958 480 2006; x_wconf 90' lang='lat' dir='ltr'>autem</span> <span class='ocrx_word' id='word_1_147' title='bbox 498 1948 580 2024; x_wconf 90' lang='lat' dir='ltr'>quod</span> <span class='ocrx_word' id='word_1_148' title='bbox 602 1947 711 2007; x_wconf 91' lang='lat' dir='ltr'>sentias</span> <span class='ocrx_word' id='word_1_149' title='bbox 731 1945 851 2007; x_wconf 88' lang='lat' dir='ltr'>dicendi</span> <span class='ocrx_word' id='word_1_150' title='bbox 872 1945 963 2021; x_wconf 76' lang='lat' dir='ltr'>libere</span> <span class='ocrx_word' id='word_1_151' title='bbox 986 1949 1111 2008; x_wconf 82' lang='lat' dir='ltr'>locus-</span> 
     </span>
     <span class='ocr_line' id='line_1_19' title="bbox 109 2034 1109 2122; baseline 0.002 -20"><span class='ocrx_word' id='word_1_152' title='bbox 109 2043 209 2102; x_wconf 90' lang='lat' dir='ltr'>malim</span> <span class='ocrx_word' id='word_1_153' title='bbox 224 2043 298 2102; x_wconf 93' lang='lat' dir='ltr'>mihi</span> <span class='ocrx_word' id='word_1_154' title='bbox 314 2048 348 2104; x_wconf 90' lang='lat' dir='ltr'>L.</span> <span class='ocrx_word' id='word_1_155' title='bbox 361 2034 463 2106; x_wconf 50' lang='lat' dir='ltr'>&#39;Crassi</span> <span class='ocrx_word' id='word_1_156' title='bbox 481 2065 572 2104; x_wconf 89' lang='lat' dir='ltr'>unam</span> <span class='ocrx_word' id='word_1_157' title='bbox 590 2065 644 2122; x_wconf 92' lang='lat' dir='ltr'>pro</span> <span class='ocrx_word' id='word_1_158' title='bbox 659 2047 711 2104; x_wconf 84' lang='grc' dir='ltr'>Μ’.</span> <span class='ocrx_word' id='word_1_159' title='bbox 728 2043 821 2106; x_wconf 93' lang='lat' dir='ltr'>Curio</span> <span class='ocrx_word' id='word_1_160' title='bbox 837 2044 1001 2104; x_wconf 92' lang='lat' dir='ltr'>dictionem</span> <span class='ocrx_word' id='word_1_161' title='bbox 1019 2065 1109 2121; x_wconf 89' lang='lat' dir='ltr'>quam</span> 
     </span>
     <span class='ocr_line' id='line_1_20' title="bbox 108 2141 1110 2220; baseline 0.003 -20"><span class='ocrx_word' id='word_1_162' title='bbox 108 2144 284 2201; x_wconf 89' lang='lat' dir='ltr'>castellanos</span> <span class='ocrx_word' id='word_1_163' title='bbox 299 2142 466 2218; x_wconf 90' lang='lat' dir='ltr'>triumphos</span> <span class='ocrx_word' id='word_1_164' title='bbox 485 2144 555 2203; x_wconf 90' lang='lat' dir='ltr'>duo.</span> <span class='ocrx_word' id='word_1_165' title='bbox 601 2145 660 2202; x_wconf 82' lang='lat' dir='ltr'>‘At</span> <span class='ocrx_word' id='word_1_166' title='bbox 678 2144 745 2220; x_wconf 91' lang='lat' dir='ltr'>plus</span> <span class='ocrx_word' id='word_1_167' title='bbox 766 2141 897 2202; x_wconf 86' lang='lat' dir='ltr'>interfuit</span> <span class='ocrx_word' id='word_1_168' title='bbox 914 2141 955 2202; x_wconf 90' lang='lat' dir='ltr'>rei</span> <span class='ocrx_word' id='word_1_169' title='bbox 972 2142 1110 2219; x_wconf 90' lang='lat' dir='ltr'>publicae</span> 
     </span>
    </p>

    <p class='ocr_par' dir='ltr' id='par_1_6' title="bbox 64 2239 1171 2709">
     <span class='ocr_line' id='line_1_21' title="bbox 64 2239 1107 2318; baseline 0.003 -22"><span class='ocrx_word' id='word_1_170' title='bbox 64 2264 95 2298; x_wconf 72' lang='grc' dir='ltr'>ιο</span> <span class='ocrx_word' id='word_1_171' title='bbox 108 2241 263 2299; x_wconf 88' lang='lat' dir='ltr'>castellum</span> <span class='ocrx_word' id='word_1_172' title='bbox 285 2239 352 2318; x_wconf 86' lang='lat' dir='ltr'>capi</span> <span class='ocrx_word' id='word_1_173' title='bbox 381 2239 523 2317; x_wconf 86' lang='lat' dir='ltr'>Ligurum</span> <span class='ocrx_word' id='word_1_174' title='bbox 548 2259 638 2316; x_wconf 90' lang='lat' dir='ltr'>quam</span> <span class='ocrx_word' id='word_1_175' title='bbox 664 2240 742 2300; x_wconf 91' lang='lat' dir='ltr'>bene</span> <span class='ocrx_word' id='word_1_176' title='bbox 764 2239 887 2300; x_wconf 89' lang='lat' dir='ltr'>defendi</span> <span class='ocrx_word' id='word_1_177' title='bbox 910 2260 1030 2299; x_wconf 91' lang='lat' dir='ltr'>causam</span> <span class='ocrx_word' id='word_1_178' title='bbox 1056 2243 1107 2300; x_wconf 94' lang='lat' dir='ltr'>M&#39;.</span> 
     </span>
     <span class='ocr_line' id='line_1_22' title="bbox 108 2336 1171 2414; baseline 0.005 -17"><span class='ocrx_word' id='word_1_179' title='bbox 108 2336 198 2397; x_wconf 65' lang='lat' dir='ltr'>Curi!</span> <span class='ocrx_word' id='word_1_180' title='bbox 241 2338 358 2410; x_wconf 84' lang='lat' dir='ltr'>Cred03</span> <span class='ocrx_word' id='word_1_181' title='bbox 389 2339 443 2397; x_wconf 91' lang='lat' dir='ltr'>sed</span> <span class='ocrx_word' id='word_1_182' title='bbox 471 2336 701 2408; x_wconf 86' lang='lat' dir='ltr'>Atheniensium</span> <span class='ocrx_word' id='word_1_183' title='bbox 729 2357 851 2414; x_wconf 90' lang='lat' dir='ltr'>quoque</span> <span class='ocrx_word' id='word_1_184' title='bbox 883 2339 950 2413; x_wconf 92' lang='lat' dir='ltr'>plus</span> <span class='ocrx_word' id='word_1_185' title='bbox 978 2337 1109 2398; x_wconf 86' lang='lat' dir='ltr'>interfuit</span> <span class='ocrx_word' id='word_1_186' title='bbox 1125 2349 1171 2402; x_wconf 82' lang='lat'>²57</span> 
     </span>
     <span class='ocr_line' id='line_1_23' title="bbox 107 2433 1110 2517; baseline 0.002 -25"><span class='ocrx_word' id='word_1_187' title='bbox 107 2436 192 2493; x_wconf 88' lang='lat' dir='ltr'>firma</span> <span class='ocrx_word' id='word_1_188' title='bbox 209 2445 288 2494; x_wconf 86' lang='lat' dir='ltr'>tecta</span> <span class='ocrx_word' id='word_1_189' title='bbox 308 2433 339 2493; x_wconf 91' lang='lat' dir='ltr'>in</span> <span class='ocrx_word' id='word_1_190' title='bbox 358 2433 516 2517; x_wconf 88' lang='lat' dir='ltr'>domiciliis</span> <span class='ocrx_word' id='word_1_191' title='bbox 531 2436 641 2495; x_wconf 92' lang='lat' dir='ltr'>habere</span> <span class='ocrx_word' id='word_1_192' title='bbox 660 2455 751 2512; x_wconf 89' lang='lat' dir='ltr'>quam</span> <span class='ocrx_word' id='word_1_193' title='bbox 767 2433 921 2495; x_wconf 89' lang='lat' dir='ltr'>Minervae</span> <span class='ocrx_word' id='word_1_194' title='bbox 942 2434 1059 2512; x_wconf 92' lang='lat' dir='ltr'>signum</span> <span class='ocrx_word' id='word_1_195' title='bbox 1074 2456 1110 2496; x_wconf 86' lang='lat' dir='ltr'>ex</span> 
     </span>
     <span class='ocr_line' id='line_1_24' title="bbox 107 2532 1108 2610; baseline 0.001 -18"><span class='ocrx_word' id='word_1_196' title='bbox 107 2532 197 2592; x_wconf 89' lang='lat' dir='ltr'>ebore</span> <span class='ocrx_word' id='word_1_197' title='bbox 216 2533 467 2610; x_wconf 85' lang='lat' dir='ltr'>pulcherrimum3</span> <span class='ocrx_word' id='word_1_198' title='bbox 496 2544 596 2593; x_wconf 90' lang='lat' dir='ltr'>tamen</span> <span class='ocrx_word' id='word_1_199' title='bbox 617 2553 673 2610; x_wconf 90' lang='lat' dir='ltr'>ego</span> <span class='ocrx_word' id='word_1_200' title='bbox 693 2553 742 2593; x_wconf 90' lang='lat' dir='ltr'>me</span> <span class='ocrx_word' id='word_1_201' title='bbox 757 2532 894 2592; x_wconf 91' lang='lat' dir='ltr'>Phidiam</span> <span class='ocrx_word' id='word_1_202' title='bbox 910 2553 974 2593; x_wconf 93' lang='lat' dir='ltr'>esse</span> <span class='ocrx_word' id='word_1_203' title='bbox 989 2536 1108 2595; x_wconf 93' lang='lat' dir='ltr'>mallem</span> 
     </span>
     <span class='ocr_line' id='line_1_25' title="bbox 107 2629 1110 2709; baseline 0.004 -22"><span class='ocrx_word' id='word_1_204' title='bbox 107 2650 197 2706; x_wconf 89' lang='lat' dir='ltr'>quam</span> <span class='ocrx_word' id='word_1_205' title='bbox 215 2632 262 2690; x_wconf 88' lang='lat' dir='ltr'>vel</span> <span class='ocrx_word' id='word_1_206' title='bbox 279 2629 427 2707; x_wconf 90' lang='lat' dir='ltr'>optimum</span> <span class='ocrx_word' id='word_1_207' title='bbox 449 2630 565 2689; x_wconf 83' lang='lat' dir='ltr'>labrum</span> <span class='ocrx_word' id='word_1_208' title='bbox 587 2629 752 2708; x_wconf 76' lang='lat' dir='ltr'>tignarium,</span> <span class='ocrx_word' id='word_1_209' title='bbox 797 2633 867 2707; x_wconf 88' lang='lat' dir='ltr'>Qua</span> <span class='ocrx_word' id='word_1_210' title='bbox 885 2651 916 2691; x_wconf 91' lang='lat' dir='ltr'>re</span> <span class='ocrx_word' id='word_1_211' title='bbox 933 2651 996 2690; x_wconf 92' lang='lat' dir='ltr'>non</span> <span class='ocrx_word' id='word_1_212' title='bbox 1018 2652 1110 2709; x_wconf 86' lang='lat' dir='ltr'>quan-</span> 
     </span>
    </p>

    <p class='ocr_par' dir='ltr' id='par_1_7' title="bbox 62 2727 1109 2903">
     <span class='ocr_line' id='line_1_26' title="bbox 62 2727 1107 2805; baseline -0.001 -16"><span class='ocrx_word' id='word_1_213' title='bbox 62 2755 94 2804; x_wconf 83' lang='lat'>²5</span> <span class='ocrx_word' id='word_1_214' title='bbox 107 2737 171 2786; x_wconf 91' lang='lat' dir='ltr'>tum</span> <span class='ocrx_word' id='word_1_215' title='bbox 196 2727 322 2804; x_wconf 91' lang='lat' dir='ltr'>quisque</span> <span class='ocrx_word' id='word_1_216' title='bbox 344 2727 444 2804; x_wconf 87' lang='lat' dir='ltr'>prosit,</span> <span class='ocrx_word' id='word_1_217' title='bbox 468 2729 521 2788; x_wconf 91' lang='lat' dir='ltr'>sed</span> <span class='ocrx_word' id='word_1_218' title='bbox 543 2728 647 2804; x_wconf 89' lang='lat' dir='ltr'>quanti</span> <span class='ocrx_word' id='word_1_219' title='bbox 669 2728 796 2805; x_wconf 90' lang='lat' dir='ltr'>quisque</span> <span class='ocrx_word' id='word_1_220' title='bbox 821 2727 858 2787; x_wconf 89' lang='lat' dir='ltr'>sit</span> <span class='ocrx_word' id='word_1_221' title='bbox 879 2731 1107 2805; x_wconf 90' lang='lat' dir='ltr'>ponderandum</span> 
     </span>
     <span class='ocr_line' id='line_1_27' title="bbox 106 2824 1109 2903; baseline -0.001 -17"><span class='ocrx_word' id='word_1_222' title='bbox 106 2836 150 2886; x_wconf 87' lang='lat' dir='ltr'>est</span> <span class='ocrx_word' id='word_1_223' title='bbox 160 2847 169 2898; x_wconf 87' lang='lat'>;</span> <span class='ocrx_word' id='word_1_224' title='bbox 193 2824 365 2901; x_wconf 87' lang='lat' dir='ltr'>praesertim</span> <span class='ocrx_word' id='word_1_225' title='bbox 384 2845 454 2884; x_wconf 92' lang='lat' dir='ltr'>cum</span> <span class='ocrx_word' id='word_1_226' title='bbox 473 2825 560 2902; x_wconf 91' lang='lat' dir='ltr'>pauci</span> <span class='ocrx_word' id='word_1_227' title='bbox 577 2825 698 2902; x_wconf 87' lang='lat' dir='ltr'>pingere</span> <span class='ocrx_word' id='word_1_228' title='bbox 719 2825 833 2903; x_wconf 88' lang='lat' dir='ltr'>egregie</span> <span class='ocrx_word' id='word_1_229' title='bbox 852 2825 968 2902; x_wconf 92' lang='lat' dir='ltr'>possint</span> <span class='ocrx_word' id='word_1_230' title='bbox 986 2837 1038 2887; x_wconf 91' lang='lat' dir='ltr'>aut</span> <span class='ocrx_word' id='word_1_231' title='bbox 1057 2828 1109 2885; x_wconf 91' lang='lat' dir='ltr'>fin-</span> 
     </span>
    </p>
   </div>
   <div class='ocr_carea' id='block_1_3' title="bbox 105 2894 1161 2999">
    <p class='ocr_par' dir='ltr' id='par_1_8' title="bbox 105 2894 1161 2999">
     <span class='ocr_line' id='line_1_28' title="bbox 105 2894 1161 2999; baseline 0.002 -18"><span class='ocrx_word' id='word_1_232' title='bbox 105 2942 180 2999; x_wconf 89' lang='lat' dir='ltr'>gere,</span> <span class='ocrx_word' id='word_1_233' title='bbox 202 2923 328 2999; x_wconf 89' lang='lat' dir='ltr'>operarii</span> <span class='ocrx_word' id='word_1_234' title='bbox 351 2934 452 2982; x_wconf 91' lang='lat' dir='ltr'>autem</span> <span class='ocrx_word' id='word_1_235' title='bbox 477 2934 528 2982; x_wconf 90' lang='lat' dir='ltr'>aut</span> <span class='ocrx_word' id='word_1_236' title='bbox 553 2922 643 2982; x_wconf 92' lang='lat' dir='ltr'>baiuli</span> <span class='ocrx_word' id='word_1_237' title='bbox 666 2925 771 2983; x_wconf 92' lang='lat' dir='ltr'>deesse</span> <span class='ocrx_word' id='word_1_238' title='bbox 795 2943 857 2983; x_wconf 92' lang='lat' dir='ltr'>non</span> <span class='ocrx_word' id='word_1_239' title='bbox 881 2922 1004 2999; x_wconf 91' lang='lat' dir='ltr'>possint.</span> <span class='ocrx_word' id='word_1_240' title='bbox 1048 2925 1107 2984; x_wconf 90' lang='lat' dir='ltr'>Sed</span> <span class='ocrx_word' id='word_1_241' title='bbox 1121 2894 1161 2955; x_wconf 79' lang='lat'>⁷4</span> 
     </span>
    </p>
   </div>
   <div class='ocr_carea' id='block_1_4' title="bbox 105 2975 1170 3097">
    <p class='ocr_par' dir='ltr' id='par_1_9' title="bbox 105 2975 1170 3097">
     <span class='ocr_line' id='line_1_29' title="bbox 105 2975 1170 3097; baseline 0 -18"><span class='ocrx_word' id='word_1_242' title='bbox 105 3039 202 3096; x_wconf 88' lang='lat' dir='ltr'>perge,</span> <span class='ocrx_word' id='word_1_243' title='bbox 219 3019 376 3097; x_wconf 88' lang='lat' dir='ltr'>Pomponi,</span> <span class='ocrx_word' id='word_1_244' title='bbox 393 3022 432 3080; x_wconf 92' lang='lat' dir='ltr'>de</span> <span class='ocrx_word' id='word_1_245' title='bbox 447 3022 575 3081; x_wconf 89' lang='lat' dir='ltr'>Caesare</span> <span class='ocrx_word' id='word_1_246' title='bbox 589 3031 619 3080; x_wconf 92' lang='lat' dir='ltr'>et</span> <span class='ocrx_word' id='word_1_247' title='bbox 633 3023 726 3081; x_wconf 88' lang='lat' dir='ltr'>redde</span> <span class='ocrx_word' id='word_1_248' title='bbox 740 3040 817 3097; x_wconf 90' lang='lat' dir='ltr'>quae</span> <span class='ocrx_word' id='word_1_249' title='bbox 832 3031 950 3080; x_wconf 89' lang='lat' dir='ltr'>restant.</span> <span class='ocrx_word' id='word_1_250' title='bbox 1123 2975 1170 3036; x_wconf 66' lang='lat'>²⁵8</span> 
     </span>
    </p>
   </div>
   <div class='ocr_carea' id='block_1_5' title="bbox 59 3117 1107 3296">
    <p class='ocr_par' dir='ltr' id='par_1_10' title="bbox 59 3117 1107 3296">
     <span class='ocr_line' id='line_1_30' title="bbox 146 3117 1107 3195; baseline 0 -18"><span class='ocrx_word' id='word_1_251' title='bbox 146 3120 250 3178; x_wconf 90' lang='lat' dir='ltr'>Solum</span> <span class='ocrx_word' id='word_1_252' title='bbox 265 3117 397 3194; x_wconf 92' lang='lat' dir='ltr'>quidem,</span> <span class='ocrx_word' id='word_1_253' title='bbox 413 3117 510 3195; x_wconf 90' lang='lat' dir='ltr'>inquit</span> <span class='ocrx_word' id='word_1_254' title='bbox 524 3117 582 3191; x_wconf 90' lang='lat' dir='ltr'>ille,</span> <span class='ocrx_word' id='word_1_255' title='bbox 597 3128 627 3178; x_wconf 92' lang='lat' dir='ltr'>et</span> <span class='ocrx_word' id='word_1_256' title='bbox 640 3117 726 3195; x_wconf 87' lang='lat' dir='ltr'>quasi</span> <span class='ocrx_word' id='word_1_257' title='bbox 740 3119 969 3178; x_wconf 88' lang='lat' dir='ltr'>fundamentum</span> <span class='ocrx_word' id='word_1_258' title='bbox 984 3118 1107 3179; x_wconf 91' lang='lat' dir='ltr'>oratoris</span> 
     </span>
     <span class='ocr_line' id='line_1_31' title="bbox 59 3215 1107 3296; baseline 0.001 -21"><span class='ocrx_word' id='word_1_259' title='bbox 59 3247 92 3296; x_wconf 68' lang='lat'>50</span> <span class='ocrx_word' id='word_1_260' title='bbox 105 3215 197 3290; x_wconf 77' lang='lat' dir='ltr'>videa,</span> <span class='ocrx_word' id='word_1_261' title='bbox 213 3216 396 3276; x_wconf 91' lang='lat' dir='ltr'>locutionem</span> <span class='ocrx_word' id='word_1_262' title='bbox 412 3218 602 3276; x_wconf 90' lang='lat' dir='ltr'>emendatam</span> <span class='ocrx_word' id='word_1_263' title='bbox 617 3226 647 3277; x_wconf 94' lang='lat' dir='ltr'>et</span> <span class='ocrx_word' id='word_1_264' title='bbox 661 3216 808 3290; x_wconf 90' lang='lat' dir='ltr'>Latinam,</span> <span class='ocrx_word' id='word_1_265' title='bbox 824 3215 908 3277; x_wconf 90' lang='lat' dir='ltr'>cuius</span> <span class='ocrx_word' id='word_1_266' title='bbox 923 3235 1016 3292; x_wconf 91' lang='lat' dir='ltr'>penes</span> <span class='ocrx_word' id='word_1_267' title='bbox 1031 3237 1107 3294; x_wconf 92' lang='lat' dir='ltr'>quos</span> 
     </span>
    </p>
   </div>
   <div class='ocr_carea' id='block_1_6' title="bbox 105 3370 1106 3630">
    <p class='ocr_par' dir='ltr' id='par_1_11' title="bbox 105 3370 1106 3630">
     <span class='ocr_line' id='line_1_32' title="bbox 137 3370 1106 3436; baseline 0.004 -18"><span class='ocrx_word' id='word_1_268' title='bbox 137 3388 152 3432; x_wconf 91' lang='lat'><strong>3</strong></span> <span class='ocrx_word' id='word_1_269' title='bbox 170 3371 243 3420; x_wconf 91' lang='lat' dir='ltr'>nobis</span> <span class='ocrx_word' id='word_1_270' title='bbox 255 3387 312 3420; x_wconf 90' lang='lat' dir='ltr'>cum</span> <span class='ocrx_word' id='word_1_271' title='bbox 333 3372 384 3432; x_wconf 74' lang='lat' dir='ltr'>illis</span> <span class='ocrx_word' id='word_1_272' title='bbox 400 3373 466 3436; x_wconf 81' lang='lat' dir='ltr'>vulg.</span> <span class='ocrx_word' id='word_1_273' title='bbox 480 3389 485 3420; x_wconf 91' lang='lat'>:</span> <span class='ocrx_word' id='word_1_274' title='bbox 504 3372 578 3420; x_wconf 91' lang='lat' dir='ltr'>nobis</span> <span class='ocrx_word' id='word_1_275' title='bbox 591 3387 648 3420; x_wconf 92' lang='lat' dir='ltr'>cum</span> <span class='ocrx_word' id='word_1_276' title='bbox 660 3372 751 3420; x_wconf 88' lang='lat' dir='ltr'>Grecis</span> <span class='ocrx_word' id='word_1_277' title='bbox 764 3372 850 3436; x_wconf 83' lang='lat' dir='ltr'><em>FOQ:</em></span> <span class='ocrx_word' id='word_1_278' title='bbox 869 3372 1001 3422; x_wconf 89' lang='lat' dir='ltr'>nobiscum</span> <span class='ocrx_word' id='word_1_279' title='bbox 1013 3370 1106 3422; x_wconf 82' lang='lat' dir='ltr'>Simon</span> 
     </span>
     <span class='ocr_line' id='line_1_33' title="bbox 105 3437 1105 3501; baseline 0.003 -16"><span class='ocrx_word' id='word_1_280' title='bbox 105 3453 120 3498; x_wconf 87' lang='lat'>5</span> <span class='ocrx_word' id='word_1_281' title='bbox 138 3453 191 3485; x_wconf 92' lang='lat' dir='ltr'>non</span> <span class='ocrx_word' id='word_1_282' title='bbox 204 3446 262 3486; x_wconf 90' lang='lat' dir='ltr'>tuae</span> <span class='ocrx_word' id='word_1_283' title='bbox 274 3438 378 3499; x_wconf 89' lang='lat' dir='ltr'>quidem</span> <span class='ocrx_word' id='word_1_284' title='bbox 389 3438 570 3500; x_wconf 87' lang='lat' dir='ltr'>supplicationi</span> <span class='ocrx_word' id='word_1_285' title='bbox 581 3438 673 3486; x_wconf 79' lang='lat' dir='ltr'>maluit</span> <span class='ocrx_word' id='word_1_286' title='bbox 679 3437 773 3501; x_wconf 80' lang='lat' dir='ltr'>Stangl</span> <span class='ocrx_word' id='word_1_287' title='bbox 882 3453 910 3498; x_wconf 86' lang='lat'>17</span> <span class='ocrx_word' id='word_1_288' title='bbox 929 3439 1008 3486; x_wconf 88' lang='lat' dir='ltr'>libere</span> <span class='ocrx_word' id='word_1_289' title='bbox 1016 3437 1105 3497; x_wconf 78' lang='lat' dir='ltr'>John:</span> 
     </span>
     <span class='ocr_line' id='line_1_34' title="bbox 105 3501 1104 3567; baseline 0.004 -17"><span class='ocrx_word' id='word_1_290' title='bbox 105 3504 170 3551; x_wconf 87' lang='lat' dir='ltr'>liber</span> <span class='ocrx_word' id='word_1_291' title='bbox 191 3501 213 3550; x_wconf 93' lang='lat' dir='ltr'>L</span> <span class='ocrx_word' id='word_1_292' title='bbox 310 3505 340 3550; x_wconf 90' lang='lat'>18</span> <span class='ocrx_word' id='word_1_293' title='bbox 359 3504 386 3551; x_wconf 92' lang='lat' dir='ltr'>L.</span> <span class='ocrx_word' id='word_1_294' title='bbox 407 3503 499 3564; x_wconf 60' lang='lat' dir='ltr'>omi}</span> <span class='ocrx_word' id='word_1_295' title='bbox 518 3504 626 3552; x_wconf 75' lang='lat' dir='ltr'>damnat</span> <span class='ocrx_word' id='word_1_296' title='bbox 645 3503 749 3553; x_wconf 70' lang='lat' dir='ltr'>Manna</span> <span class='ocrx_word' id='word_1_297' title='bbox 847 3519 879 3567; x_wconf 75' lang='lat'>24</span> <span class='ocrx_word' id='word_1_298' title='bbox 897 3503 1035 3566; x_wconf 86' lang='lat' dir='ltr'>tignarium</span> <span class='ocrx_word' id='word_1_299' title='bbox 1054 3503 1104 3554; x_wconf 81' lang='lat'>6²:</span> 
     </span>
     <span class='ocr_line' id='line_1_35' title="bbox 105 3569 295 3630; baseline 0.011 -15"><span class='ocrx_word' id='word_1_300' title='bbox 105 3569 260 3630; x_wconf 90' lang='lat' dir='ltr'>tignuarium</span> <span class='ocrx_word' id='word_1_301' title='bbox 272 3569 295 3617; x_wconf 93' lang='lat' dir='ltr'>L</span> 
     </span>
    </p>
   </div>
   <div class='ocr_carea' id='block_1_7' title="bbox 0 0 1298 4178">
    <p class='ocr_par' dir='ltr' id='par_1_12' title="bbox 0 0 1298 4178">
     <span class='ocr_line' id='line_1_36' title="bbox 0 0 1298 4178; baseline 0 1"><span class='ocrx_word' id='word_1_302' title='bbox 0 0 1298 4178; x_wconf 95' lang='lat' dir='ltr'> </span> 
     </span>
    </p>
   </div>
  </div>
 </body>
</html>
