2588 4178
518 186 698 248 oRAroa
1075 194 1175 260 351„

111 365 142 404 se
158 347 198 405 ad
212 344 410 418 discendum3
432 364 494 403 rem
513 342 642 404 breviter
659 363 807 421 exponere
828 354 858 402 et
878 341 1071 420 probabiliter
1084 353 1115 403 et

110 453 220 518 aperte,
238 452 271 500 ut
289 440 363 517 quid
383 450 486 517 agatur
507 438 638 516 intellegi
659 438 752 516 possit
762 461 770 514 3
795 459 848 498 sua
864 441 1051 512 confirmare,
1064 439 1114 498 ad·

110 539 236 598 versaria
250 550 390 611 evertere,
405 557 500 614 eaque
515 538 631 597 efficere
648 557 709 596 non
730 537 908 614 perturbate,
924 539 977 597 sed
992 536 1114 614 singulis

110 635 416 713 argumentationibus
441 635 482 695 ita
506 634 731 707 concludendis,
755 646 787 694 ut
809 634 951 694 efficiatur
973 636 1056 712 quod
1078 633 1114 694 sit

83 755 97 804 5
110 754 298 811 consequens
312 733 354 793 eis
369 754 446 810 quae
465 745 620 793 sumentur
638 735 677 793 ad
691 752 843 810 quamque
857 753 920 794 rem
939 734 1115 793 confirman-

111 834 181 892 dam
193 854 201 906 3
231 844 298 909 post
326 832 427 893 omnia
455 830 642 909 peroratione
670 831 906 890 inflammantem
934 831 1116 908 restinguen-

111 942 209 989 temve
231 930 434 990 concludere?
476 933 543 989 Has
567 928 657 1005 partis
683 949 772 1006 quem
797 930 836 988 ad
862 930 987 989 modum
1011 940 1116 989 tractet

110 1027 240 1104 singulas
268 1027 388 1088 difficile
416 1027 499 1087 dictu
527 1038 572 1087 est
600 1028 659 1087 hoc
686 1028 754 1087 loco
766 1047 774 1100 ς
805 1047 862 1086 nec
890 1026 970 1087 enim
999 1046 1116 1104 semper

110 1137 273 1185 tractantur
286 1145 348 1185 uno
363 1126 464 1184 modu.
509 1123 660 1200 Quoniam
681 1135 782 1184 autem
802 1144 863 1184 non
878 1144 969 1201 quem
989 1126 1115 1184 doceam
1133 1147 1178 1200 ¹²3

68 1245 99 1280 10
111 1243 233 1300 quaero,
247 1225 300 1283 sed
320 1243 410 1299 quem
428 1223 563 1300 probem,
580 1222 715 1300 probabo
737 1221 865 1299 primum
887 1242 956 1290 eum
974 1221 1116 1299 quiquid

111 1324 217 1381 deceat
241 1320 354 1380 viderit.
399 1323 486 1381 Haec
511 1320 591 1381 enim
621 1320 766 1399 sapientia
787 1320 916 1380 maxime
943 1320 1117 1380 adhibenda

111 1418 263 1496 eloquenti
285 1430 337 1492 est,
357 1429 389 1478 ut
410 1418 448 1478 sit
470 1429 639 1496 temporum
659 1438 914 1496 personarumque
937 1418 1114 1477 moderator.

113 1519 192 1576 Nam
207 1536 263 1576 nec
277 1536 395 1593 semper
408 1536 465 1577 nec
479 1517 560 1594 apud
575 1516 673 1578 omnis
687 1536 744 1577 nec
761 1527 865 1576 contra
879 1515 976 1575 omnis
992 1536 1048 1576 nec
1062 1534 1116 1591 pro

113 1614 253 1674 omnibus
272 1633 329 1674 nec
342 1633 405 1672 cum
419 1614 560 1676 omnibus
575 1616 682 1675 eodem
698 1616 791 1675 modo
805 1613 968 1674 dicendum
982 1612 1114 1673 arbitror.

69 1725 99 1774 ¹5
114 1713 144 1770 Is
159 1710 212 1770 erit
226 1730 296 1787 ergo
307 1713 454 1788 ¹eloquens
469 1711 522 1789 qui
540 1714 579 1773 ad
596 1711 627 1772 id
647 1713 861 1789 quodcumque
875 1711 995 1771 decebit
1009 1709 1117 1787 poterit
1129 1701 1171 1772 36

111 1810 341 1869 accommodare
369 1809 542 1870 orationem.
601 1811 693 1887 Quod
722 1830 790 1869 cum
820 1808 964 1882 statuerit,
992 1820 1055 1868 tum
1084 1818 1117 1867 ut

112 1906 246 1984 quidque
274 1906 329 1966 erit
356 1906 519 1967 dicendum
547 1907 588 1967 ita
615 1907 704 1980 dicet,
728 1927 784 1966 nec
812 1917 911 1966 satura
937 1905 1036 1966 ieiune
1060 1925 1117 1966 nec

111 2003 235 2082 grandia
251 2003 367 2064 minute
386 2024 443 2065 nec
460 2005 532 2066 item
552 2017 663 2077 contra,
680 2005 734 2064 sed
753 2003 807 2083 erit
825 2004 913 2064 rebus
928 2002 1000 2081 ipsis
1016 2024 1069 2080 par
1088 2015 1118 2065 et

112 2101 245 2178 aequalis
274 2101 376 2162 oratio.
410 2101 569 2180 'Principia
596 2103 772 2175 verecunda,
798 2103 935 2162 nondum
963 2100 1048 2161 elatis
1076 2100 1118 2160 in·
1133 2125 1180 2176 ¹²4

70 2215 101 2250 ²0
112 2219 202 2260 censa
216 2200 322 2273 verbis,
337 2203 391 2261 sed
405 2213 493 2261 acuta
512 2200 666 2261 sententiis
680 2203 727 2261 vel
747 2201 786 2260 ad
805 2199 1002 2278 offensionem
1016 2202 1117 2260 adver-

113 2297 180 2357 sarii
201 2300 248 2357 vel
269 2300 308 2358 ad
329 2288 624 2359 commendationem
645 2297 699 2358 sui.
743 2297 935 2358 Narrationes
960 2296 1117 2357 credibiles

103 2416 169 2456 nec
183 2395 325 2456 historico
347 2398 399 2456 sed
421 2416 514 2474 prope
535 2395 688 2457 cotidiano
708 2415 845 2456 sermone
864 2395 1027 2473 explicatae
1044 2297 1147 2494 dilu-i

113 2492 189 2554 cide.
234 2492 313 2552 Dein
336 2493 361 2553 si
384 2493 480 2554 tenuis
505 2514 595 2553 causa
618 2505 670 2568 est,
694 2505 758 2553 tum
779 2492 869 2553 etiam
890 2485 1128 2570 argumentandi

114 2601 205 2651 tenue
219 2592 302 2650 filum
322 2602 352 2651 et
371 2590 401 2650 in
422 2592 563 2652 docendo
584 2602 615 2651 et
635 2591 667 2650 in
687 2592 859 2664 refellendo,
874 2590 966 2668 idque
984 2590 1024 2651 ita
1039 2602 1119 2666 tene·

72 2717 102 2765 ²5
115 2687 204 2763 bitur,
221 2699 254 2747 ut
272 2674 384 2765 quanta
404 2689 443 2748 ad
465 2709 527 2748 rem
549 2699 631 2748 tanta
651 2690 690 2748 ad
712 2687 877 2748 orationem
902 2689 953 2747 fiat
975 2687 1116 2748 accessio.

115 2786 194 2847 Cum
213 2806 283 2846 vero
303 2781 392 2845 causa
409 2805 445 2846 ea
464 2785 602 2846 inciderit
623 2785 654 2845 in
676 2806 736 2863 qua
751 2785 795 2845 vis
816 2785 1005 2862 eloquentiae
1024 2785 1119 2863 possit
1134 2803 1180 2856 125

113 2882 255 2960 expromi,
278 2893 342 2942 tum
365 2903 397 2943 se
418 2883 505 2943 latius
526 2885 632 2944 fundet
653 2895 759 2957 orator,
782 2895 845 2943 tum
867 2895 947 2960 reget
969 2894 998 2944 et
1019 2886 1119 2944 flectet

114 2980 231 3041 animos
252 2992 282 3040 et
303 2980 345 3041 sic
366 2981 486 3041 adficiet
505 2992 538 3041 ut
555 2984 643 3054 volet,
662 2981 694 3042 id
715 2993 760 3041 est
780 2992 814 3041 ut
834 3001 942 3042 causae
963 2992 1118 3042 natura‘et

114 3079 189 3139 ratio
204 3077 344 3156 temporis
359 3079 530 3156 postulabit.

72 3200 103 3248 30
156 3177 216 3236 Sed
231 3176 285 3235 erit
302 3177 412 3252 duplex
433 3175 496 3236 eius
516 3175 614 3236 omnis
635 3187 762 3247 ornatus
778 3175 827 3237 ille
847 3176 1038 3250 admirabilis,
1054 3196 1118 3254 pro·

150 3337 162 3369 1
182 3322 378 3371 addiscendum
392 3322 415 3369 A
428 3340 435 3372 r
451 3325 484 3371 ad
499 3323 636 3371 dicendum
651 3324 674 3371 L
806 3323 822 3369 6
839 3322 1004 3385 peroratione
1022 3322 1118 3373 Halm:

116 3389 308 3451 perorationem
325 3387 371 3438 A:
394 3403 442 3449 per
459 3389 603 3438 orationem
621 3388 643 3435 L
753 3403 780 3436 11
800 3389 892 3437 viderit
910 3388 953 3439 A:
976 3389 1073 3438 videbit
1094 3387 1118 3435 L

118 3469 148 3514 13
165 3469 215 3502 nec
231 3469 279 3515 pro
295 3454 414 3502 omnibus
431 3469 480 3502 nec
497 3469 556 3502 cum
574 3454 692 3501 omnibus
707 3469 759 3503 om.
772 3454 797 3503 A
812 3454 850 3501 ml
949 3470 978 3514 14
992 3469 1049 3502 cum
1061 3452 1118 3502 add.

116 3518 239 3566 Friedn'rlr
318 3533 348 3579 19
366 3520 480 3568 nondum
492 3520 531 3567 At
541 3538 546 3568 ι
564 3535 617 3568 non
628 3518 678 3566 Lm
755 3534 787 3566 απ
804 3519 973 3567 historicaeA
1047 3533 1080 3578 23
1097 3519 1119 3567 si

117 3583 202 3632 tenuis
225 3599 302 3633 causa
324 3590 372 3646 est,
394 3584 443 3634 rod.
463 3583 546 3633 Virta
570 3584 593 3633 si
611 3583 697 3633 tenuis
715 3597 792 3633 causa
809 3585 859 3633 erit
874 3584 962 3643 Jahn:
987 3584 1009 3632 si
1029 3591 1120 3632 tenues

117 3663 210 3698 musae
221 3649 272 3697 AL
317 3648 423 3699 tumL:
440 3649 528 3699 om.A
595 3665 629 3710 30
646 3650 812 3700 sederit...
827 3649 1121 3762 eloquentiasepssssBake
