2588 4178
311 691 363 768 M.
402 691 581 766 TVLLI
621 693 959 769 CICERONIS

160 894 234 966 DE
270 893 486 968 OPTIMO
519 894 750 968 GENERE
790 895 1105 970 ORATORVM

176 1122 359 1183 ORATonm
386 1141 495 1199 genera
522 1142 588 1183 esse
612 1122 752 1183 dicuntur
779 1133 931 1202 tamquam
959 1136 1114 1204 poetarum
1126 1110 1160 1197 3¹

134 1219 165 1280 id
187 1240 273 1280 secus
294 1231 348 1293 est,
370 1240 440 1280 nam
462 1222 587 1280 alterum
608 1231 654 1281 est
675 1220 838 1299 multiplex.
882 1222 1031 1285 Poematis
1053 1201 1159 1283 enim¹

133 1317 236 1396 tragici
250 1317 359 1379 comici
373 1317 450 1396 epici
465 1317 563 1378 melici
578 1317 668 1378 etiam
682 1339 718 1378 ac
732 1318 951 1397 dithyrambici,
965 1341 1026 1398 quo
1041 1321 1134 1400 magis

135 1407 181 1476 est
208 1423 365 1475 tractatum
395 1413 425 1496 [a
450 1413 586 1496 Latinis]‚
613 1436 700 1476 suum
730 1416 874 1495 cuiusque
902 1429 955 1492 est,
984 1417 1135 1479 diversum

105 1543 118 1590 ⁵
134 1534 153 1574 a
167 1513 296 1591 reliquis.
340 1516 446 1592 Itaque
461 1524 491 1575 et
507 1513 539 1572 in
553 1513 704 1593 tragoedia
724 1515 874 1576 comicum
889 1515 1028 1577 vitiosum
1046 1528 1091 1577 est
1105 1528 1135 1576 et

135 1611 166 1671 in
181 1611 339 1672 comoedia
358 1622 443 1690 turpe
462 1611 605 1690 tragicum
616 1634 624 1687 3
645 1624 675 1673 et
695 1612 726 1672 in
746 1612 851 1674 ceteris
872 1634 943 1673 suus
963 1627 1008 1674 est
1026 1614 1135 1692 cuique

134 1720 232 1770 certus
252 1724 343 1770 sonus
363 1720 393 1769 et
412 1711 560 1786 quaedam
579 1709 819 1788 intellegentibus
838 1723 910 1772 nota
924 1733 988 1773 vox.
1032 1712 1162 1773 orato-2

136 1828 202 1867 rum
216 1819 317 1868 autem
332 1807 356 1867 si
372 1807 438 1886 quis
452 1807 493 1867 ita
507 1818 644 1868 numerat
657 1811 742 1886 plura
755 1830 871 1887 genera,
882 1822 915 1870 ut
928 1810 1002 1870 alios
1016 1810 1135 1888 grandis

136 1915 188 1964 aut
202 1905 297 1982 gravis
316 1916 367 1966 aut
384 1904 531 1983 copiosos,
547 1905 621 1966 alios
639 1906 736 1967 tenuis
754 1918 805 1967 aut
824 1907 940 1969 subtilis
956 1920 1008 1968 aut
1029 1908 1134 1982 brevis,

91 2025 123 2061 10
136 2001 210 2062 alios
232 2002 274 2063 eis
296 2002 465 2063 interiectos
486 2014 516 2062 et
536 2013 690 2082 tamquam
713 2004 828 2065 medios
849 2016 941 2084 putet,
957 2008 991 2064 de
1011 2005 1137 2065 homini-

138 2100 193 2160 bus
209 2099 281 2161 dicit
300 2100 421 2178 aliquid,
438 2102 477 2161 de
496 2121 527 2160 re
541 2121 654 2179 parum.
699 2104 735 2161 In
755 2123 786 2162 re
801 2102 880 2163 enim
901 2103 973 2181 quid
988 2103 1135 2182 optimum

136 2196 175 2257 sit
202 2197 359 2275 quaeritur,
386 2197 417 2257 in
445 2198 568 2258 homine
595 2197 703 2260 dicitur
731 2201 814 2276 quod
837 2211 889 2260 est.
934 2203 1039 2278 Itaque
1067 2201 1136 2261 licet

138 2295 238 2356 dicere
266 2307 296 2356 et
324 2295 457 2356 Ennium
485 2317 635 2356 summum
664 2297 784 2374 epicum
811 2310 941 2376 poetam,
967 2298 992 2359 si
1020 2298 1068 2359 cui
1096 2299 1137 2358 ita
1198 2297 1199 2300 ’

137 2393 263 2467 videtur,
279 2406 309 2453 et
330 2393 493 2453 Pacuvium
513 2393 656 2471 tragicum
676 2406 705 2455 et
723 2395 887 2457 Caecilium
906 2398 1030 2457 fortasse
1047 2396 1138 2457 comi-

92 2511 121 2562 15
137 2512 215 2552 cum.
246 2492 403 2552 Oratorem
413 2511 521 2569 genere
531 2511 593 2550 non
604 2490 726 2566 divid0;
746 2495 909 2569 perfectum
921 2493 1002 2554 enim
1016 2514 1135 2571 quaero.
1151 2515 1166 2561 3

136 2594 240 2649 Vnum
265 2598 309 2649 est
334 2597 434 2648 autem
456 2608 550 2665 genus
577 2588 709 2666 perfecti,
732 2609 750 2648 a
773 2609 834 2666 quo
858 2589 909 2667 qui
934 2591 1050 2663 absunt,
1075 2611 1137 2650 non

136 2708 246 2765 genere
273 2686 422 2759 differunt,
451 2696 484 2745 ut
511 2684 669 2746 Terentius
697 2686 736 2746 ab
764 2687 869 2762 Accio,
894 2689 947 2748 sed
975 2688 1005 2747 in
1028 2689 1136 2748 eodem

137 2805 246 2864 genere
274 2805 335 2844 non
364 2795 432 2843 sunt
457 2803 549 2861 pares.
602 2783 743 2860 Optimus
771 2795 816 2844 est
844 2784 924 2845 enim
953 2796 1059 2859 orator,
1085 2786 1136 2863 qui

136 2883 267 2944 dicendo
289 2884 405 2942 animos
428 2880 614 2941 audientium
637 2892 668 2941 et
689 2883 779 2942 docet
803 2893 833 2942 et
861 2884 990 2943 delectat
1018 2893 1047 2952 et
1075 2903 1138 2960 per-

89 3005 121 3039 20
137 2991 246 3041 movet.
290 2982 409 3040 Docere
434 2978 569 3039 debitum
595 2990 648 3053 est,
674 2981 821 3040 delectare
849 2980 1051 3054 honorarium,
1075 3000 1138 3058 per-

168 3151 221 3196 3‚4
238 3151 289 3195 quo
307 3171 313 3184 .
331 3172 337 3186 .
356 3170 363 3184 .
380 3149 454 3182 suum
473 3131 526 3180 secl.
537 3130 610 3191 Jahn
720 3133 803 3195 magis
821 3132 908 3183 codd:
930 3133 1014 3182 rarius
1033 3132 1138 3182 Hedicke

136 3217 152 3261 4
170 3217 185 3249 a
197 3200 297 3249 Latinis
308 3202 359 3250 secl.
375 3198 496 3247 Friedrich
555 3212 628 3246 suum
641 3199 764 3259 cuiusque
780 3199 928 3246 Manutius:
947 3214 1021 3246 suum
1033 3201 1137 3260 quoius

137 3264 202 3314 GP:
224 3281 349 3328 suumque
366 3265 406 3313 ius
420 3265 444 3314 θ’
454 3281 460 3312 :
480 3277 554 3310 suum
565 3263 645 3313 cuivis
653 3263 733 3323 Jahn.
774 3265 864 3313 Totum
877 3264 958 3311 locum
968 3260 1138 3312 Mommsem'o

135 3330 195 3379 duce
208 3331 244 3379 sr'c
257 3333 356 3392 refinxit
362 3331 455 3391 Jalm:
472 3328 497 3376 id
513 3342 589 3377 secus
605 3335 659 3388 est;
678 3344 735 3378 nam
749 3329 858 3379 alterurn
875 3335 916 3378 est
930 3328 1063 3390 multiplex
1076 3345 1136 3390 poe-

135 3395 210 3444 matis
226 3397 318 3458 tragici
334 3394 424 3446 comici
439 3393 512 3456 epici,
527 3394 611 3444 melici
625 3395 702 3443 etiarn
717 3411 747 3443 ac
764 3394 951 3458 dithyrambici,
965 3407 1040 3442 suum
1057 3395 1136 3442 cuivis

134 3467 161 3509 et
173 3462 301 3510 diversum
315 3479 330 3510 a
341 3461 449 3523 reliquis
497 3458 514 3505 6
531 3461 623 3523 cuique
637 3461 676 3509 G:
690 3461 813 3522 cuiusque
825 3460 850 3518 P
896 3460 944 3521 6‚7
962 3467 1039 3521 atque
1051 3469 1137 3507 certus

135 3527 228 3575 maluit
234 3525 340 3576 Hedicke
385 3543 423 3590 10,
436 3539 463 3574 11
481 3524 514 3574 de
523 3523 668 3575 hominibus
677 3526 738 3576 dicit
749 3526 841 3574 Orelli:
854 3525 999 3573 hominibus
1006 3524 1083 3573 deicit
1093 3523 1141 3573 GP

168 3622 217 3659 crc.
232 3623 339 3658 onnron
1041 3607 1072 3655 13
