2588 4178
87 249 88 252 .
140 201 218 276 ¹⁸57
448 203 492 261 M.
521 201 650 262 Tvnnr
679 202 911 265 crcnRorus

186 368 301 444 plorare
323 364 412 426 etiam
435 367 656 429 Demosthenes
677 366 767 428 istum
789 387 879 446 quem
901 387 991 446 saepe
1011 367 1092 428 dicat
1113 388 1188 429 voce

140 493 172 556 53
185 463 267 525 dulci
288 475 318 525 et
338 467 416 525 clara
436 463 535 526 fuisse.
579 467 617 525 ln
639 485 700 543 quo
721 465 795 526 illud
816 464 906 526 etiam
926 469 1094 527 notandum
1113 466 1188 526 milri

184 555 301 618 videtur
314 559 354 617 ad
368 557 500 618 studium
514 560 738 636 persequendae
752 557 904 619 suavitatis
918 557 948 617 in
960 557 1102 619 vocibus:
1124 558 1188 636 ipsa

185 653 266 714 enim
290 666 402 727 natura
429 655 514 732 quasi
542 657 744 715 modularetur
771 655 928 716 hominum
957 655 1131 729 orationem,
1156 656 1187 714 in

185 751 268 811 omni
284 753 376 813 verbo
394 752 495 830 posuit
512 763 631 813 acutam
650 772 756 813 vocem
777 772 834 813 nec
854 746 915 812 una
935 755 1002 830 plus
1022 773 1079 814 nec
1100 773 1119 812 a
1136 772 1214 831 po5

186 859 295 909 strema
314 850 425 927 syllaba
444 849 517 910 citra
531 849 666 924 tertiam;
686 869 748 927 quo
762 849 856 927 magis
872 861 1009 909 naturam
1023 851 1133 910 ducem
1147 850 1188 910 ad

140 969 172 1020 59
185 945 302 1006 aurium
324 949 506 1026 voluptatem
529 959 670 1025 sequatur
693 946 846 1007 industria.
888 948 935 1006 Ac
957 946 1039 1007 vocis
1063 948 1187 1024 quidem

185 1045 304 1104 bonitas
325 1047 457 1122 optanda
478 1056 522 1105 est
532 1067 541 1120 ;
568 1065 629 1104 non
651 1055 696 1106 est
714 1043 795 1104 enim
813 1043 845 1102 in
864 1043 960 1117 nobis,
980 1046 1033 1105 sed
1050 1045 1188 1105 tractatio

185 1147 276 1215 atque
290 1157 360 1198 usus
375 1137 406 1197 in
420 1139 516 1202 nobis.
553 1141 633 1215 Ergo
646 1137 696 1197 ille
710 1137 848 1216 princeps
861 1136 986 1197 variabit
1000 1148 1030 1197 et
1045 1137 1187 1200 mutabit:

141 1287 142 1291 ,
184 1235 282 1305 omnis
304 1255 446 1295 sonorum
467 1247 531 1296 tum
552 1229 712 1296 intendens
733 1245 797 1295 tum
818 1233 971 1295 remittens
992 1246 1187 1313 persequetur
1202 1260 1232 1294 ιο

183 1335 299 1411 gradus
344 1335 491 1410 Idemque
515 1343 600 1394 motu
624 1332 667 1392 sic
691 1343 798 1406 utetur,
820 1331 894 1391 nihil
916 1342 949 1392 ut
969 1331 1103 1410 supersit.
1148 1335 1186 1392 In

183 1441 268 1507 gestu
283 1441 376 1490 status
391 1441 505 1490 erectus
520 1442 549 1490 et
559 1432 675 1504 celsus;
695 1449 776 1489 rarus
791 1428 924 1490 incessus
938 1448 995 1489 nec
1009 1428 1050 1488 ita
1060 1431 1187 1507 longus;

168 1526 318 1588 ‘excursio
346 1529 500 1588 moderata
527 1547 622 1604 eaque
650 1547 713 1586 rara
725 1549 734 1601 ;
764 1529 846 1586 nulla
873 1524 998 1604 mollitia
1025 1525 1185 1599 cervicum,

183 1626 283 1684 nullae
306 1624 437 1701 argutiae
458 1623 627 1702 digitorum,
650 1644 712 1684 non
732 1625 772 1684 ad
792 1643 951 1683 numerum
974 1622 1115 1683 articulus
1140 1643 1186 1683 ca-

185 1723 260 1782 dens
269 1744 278 1796 ;
300 1733 404 1782 trunco
424 1721 517 1799 magis
532 1732 597 1781 toto
615 1741 647 1781 se
666 1721 730 1799 ipse
749 1722 908 1781 moderans
927 1730 957 1780 et
970 1718 1046 1779 virili
1059 1722 1185 1781 laterum
1201 1745 1230 1796 15

184 1819 319 1891 flexione,
332 1818 463 1879 bracchii
476 1817 660 1897 proiectione
673 1817 705 1876 in
719 1816 970 1890 contentionibus,
981 1817 1185 1879 contractione

137 1924 171 1974 60
186 1912 217 1972 in
236 1912 373 1972 remissis.
416 1915 525 1972 Vultus
544 1931 622 1984 ver0,
638 1911 690 1989 qui
711 1911 878 1970 secundum
896 1928 1001 1970 vocem
1023 1909 1185 1988 plurimum

186 2022 293 2088 potest,
309 2021 452 2087 quantam
459 2011 573 2070 adferet
582 2019 645 2069 tum
655 2007 829 2085 dignitatern
841 2018 905 2067 tum
919 2001 1124 2068 venustatem!
1146 2009 1184 2066 In

184 2127 245 2184 quo
264 2127 333 2167 cum
353 2106 484 2168 effeceris
503 2127 542 2167 ne
556 2105 629 2184 quid
648 2105 783 2183 ineptum
802 2103 840 2164 sit
858 2114 910 2163 aut
924 2105 1106 2178 vultuosum,
1121 2115 1185 2164 tum

184 2207 339 2264 oculomm
359 2216 403 2264 est
420 2207 567 2282 quaedam
589 2223 697 2280 magna
717 2201 892 2263 moderatio.
935 2201 1015 2260 Nam
1035 2211 1068 2259 ut
1087 2202 1186 2279 imago
1199 2227 1231 2262 ro

183 2313 228 2362 est
250 2301 342 2362 animi
363 2304 469 2375 vultus,
492 2301 535 2362 sic
559 2300 673 2360 indices
701 2298 799 2373 oculi;
826 2317 954 2376 quorum
979 2308 1009 2357 et
1031 2297 1186 2358 hilaritatis

187 2410 217 2459 et
230 2394 366 2458 ¹vicissim
396 2398 529 2459 tristitiae
557 2399 681 2458 modum
710 2416 756 2456 res
780 2394 862 2473 ipsae
883 2397 923 2455 de
949 2392 1059 2471 quibus
1082 2406 1186 2472 agetur

134 2555 171 2614 19
181 2497 398 2574 temperabunt.

136 2629 167 2679 6,
225 2595 285 2654 Sed
307 2593 366 2652 iam
390 2592 468 2652 illius
492 2590 614 2670 perfecti
638 2590 763 2664 oratoris
785 2601 815 2650 et
837 2609 972 2650 summae
995 2588 1185 2666 eloquentiae

184 2691 298 2768 species
320 2690 512 2768 exprimenda
532 2701 585 2750 est.
628 2690 728 2765 Quem
749 2690 808 2748 hoc
829 2707 890 2748 uno
911 2689 1054 2747 excellere
1076 2683 1119 2766 [id
1139 2698 1185 2746 est
1199 2709 1230 2760 ²5

184 2786 339 2869 oratione],
361 2799 458 2849 cetera
481 2787 512 2846 in
536 2807 573 2848 eo
595 2771 686 2847 latere
707 2785 820 2845 indicat
841 2804 954 2845 nomen
976 2783 1093 2861 ipsum;
1121 2803 1184 2843 non

183 2885 262 2946 enim
291 2885 427 2945 inventor
454 2894 505 2944 aut
532 2882 715 2961 compositor
743 2893 795 2942 aut
816 2893 899 2942 actor
925 2884 980 2958 qui
1003 2882 1077 2940 haec
1105 2899 1186 2939 com·
1274 2872 1275 2876 ’

185 2985 288 3061 plexus
316 2994 361 3044 est
383 2981 492 3055 omnia,
515 2983 568 3042 sed
591 2991 621 3040 et
642 2982 756 3040 Graece
779 2978 819 3039 ab
846 2980 1018 3056 eloquendo
1039 2979 1131 3055 ῥήτωρ
1155 2988 1185 3038 et

184 3080 291 3140 Latine
313 3082 456 3156 eloquens
481 3078 579 3139 dictus
603 3088 667 3152 est3
693 3087 856 3136 ceterarum
881 3074 962 3135 enim
990 3094 1088 3134 rerum
1107 3093 1186 3150 quae

219 3235 326 3283 xistum
349 3249 424 3295 quem
447 3247 549 3294 semper
571 3233 640 3281 dicat
660 3228 780 3279 Schenkl:
808 3230 930 3292 illumque
953 3244 1033 3291 saepe
1056 3228 1124 3277 dicat
1143 3226 1186 3276 L:

184 3301 240 3363 ipse
260 3302 322 3349 dicit
340 3298 447 3361 Madvig
544 3303 700 3358 qsequetur
711 3296 803 3343 maluit
815 3295 909 3358 Stangl
939 3340 940 3344 ,
1014 3294 1066 3354 7‚8
1082 3292 1185 3354 quidem

183 3367 285 3414 bonitas
294 3365 406 3412 Ernesti:
423 3362 523 3412 bonitas
531 3362 635 3423 quidem
646 3359 670 3408 L
739 3376 775 3418 11,
788 3375 818 3408 12
835 3361 861 3408 in
871 3365 945 3420 gestu
953 3358 1005 3408 secl.
1014 3357 1083 3406 Bake
1094 3375 1101 3405 r
1117 3358 1185 3407 desit

183 3438 228 3480 aut
239 3431 353 3492 supersit
365 3430 391 3476 in
399 3437 474 3489 gestu
480 3426 575 3475 Schelle
642 3442 671 3488 15
688 3427 785 3486 seipse
794 3424 817 3471 L
829 3431 852 3473 et
860 3425 945 3485 Quint.
957 3441 964 3472 ε
980 3423 1036 3485 ipse
1048 3437 1077 3470 se
1086 3422 1187 3470 Nomas

185 3499 216 3544 16
232 3495 370 3543 inflexione
385 3493 478 3541 maluit
494 3491 588 3540 Pidm't
676 3506 707 3552 19
723 3492 757 3539 sit
774 3497 818 3538 aut
836 3490 981 3539 voltuosum
999 3487 1117 3536 Nom'us:
1140 3495 1185 3536 aut

182 3561 328 3610 voltuosum
336 3559 401 3607 sitL
467 3571 508 3619 25,
518 3559 551 3604 26
567 3558 592 3605 id
605 3563 645 3605 est
656 3557 774 3605 oratione
785 3556 838 3604 secl.
852 3555 946 3604 Schata
1017 3568 1048 3613 27
1060 3559 1132 3601 actor
1140 3553 1185 3615 qui

182 3625 299 3690 Madm'g:
313 3625 359 3674 sed
366 3624 411 3686 qui
416 3623 444 3687 (l.
452 3622 496 3688 aa)
504 3619 755 3684 maluitHeerdegen:
768 3629 865 3669 estom.
875 3619 959 3668 Nixon
967 3618 1028 3683 (non
1036 3616 1183 3680 addr'toqu')
