2588 4178
156 209 199 265 14
449 194 493 251 M.
522 193 651 251 TVLLI
680 192 914 253 CICERONIS

182 357 264 436 pium
292 368 323 418 et
346 355 502 435 peroratio.
546 355 712 433 C.Quid?
747 355 893 432 Quaestio
919 375 1065 434 quasnam
1093 355 1186 416 habet

149 454 295 566 2partis?
330 458 361 515 P.
382 454 543 530 Infinitam,
559 474 650 564 quam
672 453 923 515 consultationem
941 455 1071 563 appello,
1086 466 1117 514 et
1136 456 1186 515 de·

149 523 305 663 5finitam,
317 573 407 630 quam
422 572 543 612 causam
557 551 691 613 nomino
735 553 769 614 C.
783 551 959 627 Quoniam
951 551 1039 629 igitur
1052 550 1186 612 invenire

181 670 310 728 prrmum
332 661 377 710 est
397 648 529 723 oratoris,
544 649 618 727 quid
640 652 783 727 quaeret?
821 651 853 708 P.
875 651 917 708 Vt
937 647 1077 722 inveniat,
1093 668 1186 726 quem

181 750 220 809 ad
235 749 360 808 modum
374 749 466 808 fidem
481 746 569 807 faciat
583 747 625 808 eis
638 748 749 825 ¹quibus
763 746 834 807 velit
845 748 1033 824 persuadere,
1049 758 1079 806 et
1092 765 1186 824 quern
1201 769 1215 818 5

180 848 220 907 ad
238 848 362 906 modum
378 856 493 905 motum
509 864 611 905 eorum
626 844 734 913 animis
748 846 869 914 adserat.
914 844 948 905 C.
962 843 1081 919 Quibus
1096 843 1187 904 rebus

181 944 256 1004 fides
270 945 324 1004 fit?
360 945 391 1003 P.
416 942 615 1020 Argumentis,
632 963 709 1020 quae
724 928 874 1003 ducuntur
892 962 929 1002 ex
946 941 1020 1002 locis
1039 952 1091 1001 aut
1105 940 1136 1000 in
1155 961 1187 1001 re
1222 1008 1224 1013 Α

180 1040 245 1119 ipsa
265 1039 360 1101 insitis
381 1052 432 1100 aut
453 1039 627 1118 adsumptis.
672 1041 706 1102 C.
730 1042 816 1115 Quos
835 1059 924 1100 vocas
945 1042 1053 1100 locos?
1087 1042 1120 1099 P.
1147 1040 1186 1098 In

180 1139 290 1217 quibus
324 1141 417 1198 latent
451 1149 633 1215 argumenta.
685 1139 719 1200 C.
757 1137 840 1214 Quid
875 1148 920 1198 est
953 1140 1187 1214 argumentum?

152 1249 168 1299 6
181 1239 213 1296 P.
230 1236 390 1297 Probabile
404 1235 559 1295 inventum
573 1237 612 1296 ad
627 1234 795 1296 faciendam
811 1236 910 1294 fidem.
949 1235 983 1296 C.
1005 1236 1076 1310 Quo
1091 1236 1186 1294 modo
1202 1252 1231 1288 10

180 1333 268 1412 igitur
282 1335 344 1394 duo
357 1353 466 1412 genera
480 1332 536 1392 ista
550 1332 682 1393 dividis?
717 1335 748 1392 P.
765 1335 852 1409 Quae
873 1331 937 1392 sine
956 1343 1019 1401 arte
1033 1343 1185 1410 putantur,

181 1452 217 1493 ea
235 1443 349 1492 remota
367 1432 495 1509 appello,
511 1442 544 1491 ut
563 1429 734 1492 testimonia
744 1454 752 1506 ;
773 1430 868 1504 insita,
886 1450 963 1509 quae
982 1430 1138 1491 inhaerent
1156 1429 1188 1490 in

180 1529 245 1610 ipsa
269 1550 307 1590 re.
352 1530 387 1591 C.
405 1528 660 1589 Testimoniorum
685 1549 762 1607 quae
786 1549 896 1607 genera
919 1531 1011 1589 sunt?
1049 1531 1081 1589 P.
1106 1527 1188 1589 Divi-

182 1649 254 1688 num
278 1639 310 1688 et
332 1629 497 1686 humanum
508 1649 516 1701 ;
545 1627 680 1687 divinum
708 1640 753 1688 est
781 1640 814 1688 ut
840 1629 962 1688 oracula
985 1625 1126 1704 auspicia,
1153 1637 1187 1686 ut

182 1724 408 1786 vaticinationes
421 1735 451 1784 et
470 1744 613 1801 responsa
627 1727 815 1786 sacerdotum
830 1723 1022 1801 haruspicum
1036 1723 1187 1784 coniecto
1201 1745 1231 1794 ¹5

182 1843 266 1897 rum;
284 1824 459 1894 humanum,
470 1823 554 1899 quod
568 1832 717 1900 spectatur
731 1843 767 1882 ex
780 1821 965 1895 auctoritate,
975 1841 1011 1882 ex
1021 1823 1185 1894 voluntate,

182 1940 218 1980 ex
241 1919 374 1980 oratione
397 1929 447 1978 aut
468 1918 561 1978 libera
584 1931 636 1979 aut
658 1938 805 1996 expressa,
820 1918 851 1979 in
873 1939 935 1996 quo
955 1918 1057 1979 insunt
1078 1918 1188 1997 scripta

156 2028 270 2095 7pacta
290 2015 435 2093 promissa
456 2014 552 2075 iurata
569 2015 711 2092 quaesita
756 2017 790 2078 C.
816 2018 903 2093 Quae
924 2028 994 2076 sunt
1013 2036 1090 2094 quae
1111 2015 1188 2078 dicis

182 2113 291 2174 insita?
327 2114 358 2171 P.
382 2114 470 2188 Quae
490 2109 577 2194 [iura]
598 2112 688 2172 infixa
706 2125 776 2172 sunt
790 2114 878 2173 rebus
897 2111 977 2191 ipsiS,
994 2125 1027 2172 ut
1041 2112 1186 2186 definitio,

182 2223 215 2271 ut
234 2208 423 2282 contrarium,
444 2221 476 2269 ut
497 2229 532 2268 ea
553 2230 630 2288 quae
649 2221 719 2270 sunt
737 2221 788 2270 aut
807 2209 864 2288 ipsi
884 2221 936 2270 aut
955 2209 1104 2271 contrario
1123 2210 1188 2271 eius
1203 2239 1234 2273 ιο

182 2320 240 2374 aut,
252 2301 358 2367 similia
377 2319 429 2366 aut
446 2306 601 2368 dissimilia
619 2320 671 2367 aut
688 2319 891 2369 consentanea
909 2320 961 2368 aut
979 2308 1171 2373 dissentanea
1180 2330 1188 2383 ;

182 2419 215 2466 ut
232 2427 267 2466 ea
288 2425 365 2483 quae
384 2416 453 2465 sunt
472 2405 557 2483 quasi
577 2405 737 2467 coniuncta
757 2418 809 2465 aut
828 2426 905 2483 quae
924 2405 1009 2484 quasi
1025 2406 1189 2483 pugnantia

182 2504 259 2564 inter
282 2502 318 2564 'se
328 2525 337 2579 3
364 2513 397 2563 ut
421 2523 522 2563 earum
547 2524 645 2564 rerum
674 2506 713 2565 de
741 2503 850 2581 quibus
878 2502 974 2582 agitur
999 2523 1107 2564 causae
1118 2525 1127 2579 3
1156 2517 1189 2566 ut

183 2622 338 2663 causarum
360 2612 492 2675 eventus,
514 2600 545 2661 id
566 2612 622 2676 est,
640 2623 718 2679 quae
739 2613 809 2662 sunt
829 2603 935 2662 effecta
956 2603 994 2662 de
1015 2601 1113 2662 causis
1123 2624 1131 2676 ;
1156 2615 1189 2663 ut

183 2699 416 2771 distributiones,
431 2711 465 2759 ut
478 2719 587 2777 genera
604 2699 732 2778 partium
751 2719 931 2778 generumve
948 2709 1065 2777 partes,
1086 2711 1119 2761 ut
1134 2700 1190 2778 pri·
1205 2729 1234 2777 ²5

183 2798 299 2859 mordia
312 2819 410 2858 rerum
429 2809 459 2858 et
473 2797 558 2876 quasi
572 2799 798 2876 praecurrentia,
811 2798 842 2858 in
857 2798 966 2876 quibus
980 2798 1058 2858 inest
1074 2798 1189 2876 aliquid

183 2895 368 2975 argumenti3
392 2907 425 2955 ut
438 2916 543 2957 ‘rerum
565 2896 783 2970 contentiones
807 2896 878 2975 quid
905 2896 1009 2970 maius,
1031 2896 1106 2973 quid
1127 2917 1189 2975 par,

184 2994 257 3072 quid
276 2993 375 3053 minus
395 2992 440 3067 sit,
457 2993 488 3052 in
506 2993 615 3070 quibus
634 3006 686 3054 aut
705 3006 828 3054 naturae
847 3014 943 3054 rerum
963 3004 1015 3054 aut
1034 2994 1191 3055 facultates

152 3069 171 3194 38
184 3103 403 3176 comparantur.
446 3092 480 3153 C.
502 3091 691 3168 Omnibusne
703 3091 790 3170 igitur
803 3112 839 3152 ex
853 3090 916 3152 istis
927 3091 1001 3152 locis
1014 3103 1191 3168 argumenta

184 3188 362 3249 sumemus?
403 3187 435 3244 P.
461 3187 562 3245 Immo
584 3206 654 3246 vero
679 3185 877 3246 scrutabimur
898 3197 928 3245 et
950 3205 1128 3263 quaeremus
1153 3205 1190 3246 ex
1205 3214 1237 3265 30

185 3282 335 3357 omnibus,
351 3284 405 3343 sed
423 3282 636 3344 adhibebimus
655 3282 808 3364 iudicium,
825 3295 857 3343 ut
875 3282 951 3343 levia
970 3302 1087 3360 semper
1104 3281 1191 3344 eicia-

187 3400 261 3454 mus,
285 3400 346 3441 non
369 3400 534 3458 numquam
558 3380 647 3441 etiam
673 3381 846 3442 communia
870 3380 1139 3459 praetermittamus
1162 3391 1192 3442 et

219 3534 323 3597 5volet
334 3535 402 3586 codd.
417 3520 472 3586 dett.
544 3550 575 3597 19
592 3536 647 3585 iura
658 3534 698 3585 P:
716 3537 771 3585 iure
783 3535 851 3587 codd.
863 3535 935 3586 dett:
952 3551 1002 3586 om.
1015 3534 1082 3600 vulga
1161 3549 1193 3584 aa

187 3607 232 3652 aut
244 3617 311 3664 quae
322 3601 362 3651 P:
379 3610 466 3651 autea
475 3609 494 3665 p
506 3618 512 3650 ε
529 3609 574 3651 aut
586 3608 614 3651 ut
626 3602 657 3651 ‘ea
668 3601 812 3651 Lambinus
