2588 4178
515 198 680 259 auvrvs
1055 197 1155 270 38142

93 379 209 437 eosque
237 359 320 438 fingit
348 361 456 422 format
483 361 576 422 flectit
599 361 725 440 talisque
748 371 879 422 oratores
901 360 994 422 videri
1015 360 1093 433 lacit,

94 457 192 534 qualis
206 456 263 535 ipsi
277 478 309 518 se
322 459 415 518 videri
429 462 541 519 volunt.

138 552 221 614 Huic
263 555 313 614 alii
357 576 459 635 parem
504 576 569 617 esse
604 555 753 630 dicebant,
788 555 837 616 alii
872 557 1095 634 anteponebant
1110 571 1157 624 143

96 653 131 710 L.
159 652 308 713 Crassum.
352 655 432 714 Illud
460 653 583 731 quidem
608 664 687 714 certe
715 673 820 714 omnes
845 653 886 713 ita
912 653 1093 726 iudicabant,

64 748 250 822 5neminem
275 771 340 812 esse
361 752 413 829 qui
435 753 541 812 horum
565 754 658 811 altero
680 763 747 812 utro
771 764 898 828 patrono
920 751 1095 828 cuiusquam

96 847 249 924 ingenium
274 848 442 925 requireret.
495 848 646 926 Equidem
670 868 852 926 quamquam
878 848 1013 908 Antonio
1036 859 1097 908 tan·

96 956 161 1005 tum
180 945 279 1006 tribuo
301 958 446 1023 quantum
468 966 557 1023 supra
577 945 646 1018 dixi,
662 958 763 1006 tamen
778 946 887 1007 Crasso
905 945 979 1004 nihil
998 958 1097 1006 statuo

96 1043 160 1103 fieri
183 1042 315 1120 potuisse
338 1043 505 1120 perfectius,
554 1046 625 1103 Erat
647 1063 764 1103 summa
785 1042 919 1121 gravitas,
944 1054 1006 1103 erat
1027 1062 1096 1103 cum

95 1141 238 1218 gravitate
265 1141 384 1201 iunctus
407 1141 580 1201 facetiarum
605 1152 635 1201 et
659 1141 833 1201 urbanitatis
857 1141 1009 1214 oratorius,
1034 1160 1096 1200 non

51 1261 83 1295 10
96 1238 226 1300 scurrilis
248 1241 340 1316 lepos,
365 1239 472 1299 Latine
495 1238 639 1316 loquendi
663 1250 800 1299 accurata
824 1250 854 1299 et
876 1238 940 1298 sine
961 1237 1098 1298 molestia

96 1335 224 1414 diligens
242 1336 396 1413 elegantia,
420 1336 451 1395 in
474 1336 649 1397 disserendo
674 1335 748 1395 mira
771 1336 946 1413 explicatio,
967 1356 1037 1395 cum
1058 1338 1097 1395 de

96 1433 160 1494 iure
181 1433 267 1506 civili,
290 1454 359 1494 cum
381 1435 420 1494 de
440 1454 539 1511 aequo
560 1445 589 1493 et
611 1434 692 1494 bono
714 1432 921 1510 disputaretur,
944 1453 1097 1510 argumen-

96 1542 196 1590 torum
210 1542 240 1591 et
255 1531 482 1591 similitudinum
494 1530 588 1608 copia.
632 1533 712 1591 Nam
725 1541 757 1589 ut
767 1530 917 1591 Antonius
927 1531 1097 1591 coniectura
1110 1513 1152 1574 39

96 1632 247 1689 movenda
260 1641 312 1689 aut
326 1631 460 1690 sedanda
474 1627 643 1706 suspicione
656 1640 708 1688 aut
722 1627 878 1689 excitanda
892 1627 1097 1688 incredibilem
1113 1605 1160 1654 ¹44

53 1745 82 1794 15
96 1725 158 1784 vim
173 1727 321 1787 habebat:
343 1725 386 1786 sic
406 1726 437 1785 in
459 1726 689 1803 interpretando
706 1725 737 1784 in
758 1725 940 1798 definiendo,
957 1724 988 1784 in
1009 1725 1098 1803 expli·

96 1825 195 1883 canda
218 1824 368 1901 aequitate
395 1823 470 1883 nihil
498 1836 559 1884 erat
588 1824 696 1884 Crasso
721 1821 872 1900 copiosius
882 1845 890 1896 ;
912 1822 1003 1900 idque
1028 1842 1097 1881 cum

96 1941 187 1998 saepe
200 1921 272 1981 alias
292 1932 356 1981 tum
375 1923 456 2000 apud
475 1920 676 1981 centumviros
693 1920 724 1979 in
741 1922 791 1979 Μ’.
809 1919 881 1981 Curi
896 1940 985 1979 causa
999 1918 1098 1996 cogni-

97 2030 161 2078 tum
177 2030 229 2078 est.
274 2021 321 2078 Ita
335 2019 416 2079 enim
438 2021 531 2078 multa
552 2030 616 2077 tum
638 2029 741 2077 contra
762 2017 905 2094 scriptum
926 2037 979 2094 pro
1000 2037 1097 2094 aequo
1114 2034 1160 2087 145

97 2128 128 2176 et
142 2117 225 2177 bono
240 2116 320 2189 dixit,
338 2129 370 2176 ut
384 2116 539 2176 hominem
558 2114 763 2175 acutissimum
779 2116 816 2189 Q.
833 2116 1005 2174 Scaevolam
1022 2124 1052 2174 et
1066 2114 1097 2174 in

51 2234 84 2269 πο
97 2214 170 2286 iure,
193 2213 224 2272 in
249 2234 311 2291 quo
335 2213 385 2274 illa
409 2234 498 2274 causa
522 2214 697 2283 vertebatur,
719 2211 935 2289 paratissimum
960 2213 1098 2272 obrueret

97 2322 339 2388 argumentorum
355 2314 618 2389 exemplorumque
635 2309 740 2386 eopia,
759 2319 850 2386 atque
867 2308 907 2368 ita
922 2320 984 2368 tum
999 2311 1038 2369 ab
1053 2309 1099 2369 his

97 2408 230 2487 patronis
244 2408 418 2486 aequalibus
433 2421 463 2469 et
477 2400 536 2468 iam
556 2406 761 2467 consularibus
779 2426 868 2466 causa
882 2406 932 2466 illa
950 2406 1031 2467 dieta
1044 2418 1097 2479 est,

97 2527 167 2567 cum
190 2517 315 2583 uterque
337 2527 373 2566 ex
398 2505 543 2566 contraria
567 2517 650 2582 parte
674 2503 720 2563 ius
748 2502 833 2564 civile
862 2505 1043 2577 defenderet,
1067 2517 1099 2564 ut

99 2603 305 2680 eloquentium
337 2604 408 2664 iuris
443 2602 636 2681 peritissimus
673 2604 805 2674 Crassus
835 2600 905 2660 iuris
937 2601 1098 2679 peritorum

54 2701 361 2778 25e10qllentissimus
398 2703 540 2762 Scaevola
572 2711 731 2778 putaretur.
789 2698 850 2774 Qui
878 2698 1001 2775 quidem
1029 2719 1099 2759 cum

99 2810 257 2878 peracutus
271 2811 349 2859 esset
362 2801 401 2858 ad
416 2799 645 2876 excogitandum
659 2797 733 2874 quid
752 2796 783 2856 in
801 2796 863 2856 iure
881 2807 934 2856 aut
952 2795 983 2855 in
1001 2817 1099 2874 aequo

98 2917 201 2957 verum
225 2907 277 2955 aut
305 2907 382 2956 esset
410 2908 461 2955 aut
484 2916 544 2954 non
573 2905 659 2968 esset,
683 2905 747 2953 tum
773 2893 870 2953 verbis
893 2905 955 2952 erat
975 2896 1014 2953 ad
1036 2914 1098 2953 rem

98 3015 168 3054 cum
187 3014 305 3054 summa
324 2993 467 3053 brevitate
489 2992 660 3053 mirabiliter
678 3003 773 3070 aptus.
818 2993 887 3066 Qua
906 3011 937 3050 re
956 2990 993 3050 sit
1010 2990 1099 3050 nobis
1115 2997 1161 3062 14⁶

99 3104 197 3152 orator
218 3091 249 3150 in
272 3093 330 3151 hoc
355 3089 568 3167 interpretandi
589 3089 768 3167 explanandi
788 3088 971 3149 edisserendi
991 3108 1099 3164 genere

51 3209 85 3258 30
99 3189 250 3262 mirabilis,
281 3188 323 3248 sic
359 3199 392 3247 ut
424 3187 519 3246 simile
552 3187 626 3245 nihil
653 3185 778 3246 viderim
787 3177 798 3260 Ι;
831 3184 863 3245 in
890 3187 1038 3262 augendo,
1068 3185 1099 3244 in

98 3289 246 3361 ornando,
259 3285 290 3345 in
309 3287 472 3346 refellendo
494 3284 586 3362 magis
607 3284 788 3344 existimator
809 3285 988 3343 metuendus
1007 3303 1098 3361 quam

132 3457 162 3489 12
179 3443 352 3504 disputaretur
369 3438 409 3489 L:
433 3440 609 3502 disputabatur
627 3437 756 3487 Eberhard
853 3453 882 3498 14
900 3444 943 3486 aut
962 3437 1098 3485 excitanda

97 3508 149 3556 secl.
164 3508 263 3569 Kayser
374 3521 406 3552 aa
424 3514 451 3554 et
464 3507 513 3553 iam
531 3505 578 3554 M:
601 3506 679 3554 etiarn
699 3504 720 3552 C
832 3506 865 3551 28
882 3518 937 3552 cum
951 3518 1001 3552 om.
1015 3502 1102 3550 BHM

97 3588 131 3634 3ο
147 3574 183 3623 sic
196 3580 225 3638 ut
237 3572 292 3622 GM
301 3589 308 3621 ι
323 3571 424 3621 sicutC
