2588 4178
99 209 138 271 23
153 205 184 272 ⁸⁷
427 195 471 254 M.
500 186 628 253 TVLLI
657 192 891 255 CICERONIS

150 382 187 423 ex
207 360 375 424 coniunctis
391 346 473 423 'sumi
493 370 628 441 possunt.
671 362 721 421 Ad
739 359 945 422 definitionem
966 371 1068 420 autem
1090 378 1142 438 per·

149 461 222 522 tinet
257 460 331 522 ratio
364 471 394 521 et
427 458 551 521 scientia
585 454 781 521 definiendi(
808 461 911 536 Atque
946 457 1017 518 huic
1051 455 1143 536 generi

141 558 308 645 *finitImum
330 568 374 620 est
395 557 470 619 illud
493 559 575 636 quod
596 557 738 635 appellari
759 558 799 618 de
819 558 928 618 eodem
950 567 979 617 et
999 559 1039 617 de
1060 558 1144 616 altero

148 654 287 731 diximus,
308 656 391 733 quod
415 674 509 732 genus
533 656 630 714 torma
654 655 803 731 quaedam
828 652 1011 714 definitionis
1036 658 1102 728 est,
1125 651 1146 712 si

148 753 229 814 enim
262 763 419 831 quaeratur
450 752 571 813 idemne
604 751 641 812 sit
674 751 836 830 pertinacia
863 762 893 812 et
924 751 1166 830 perseverantias

103 854 135 904 88
149 850 373 913 definitionibus
394 849 588 911 iudicandum
609 861 661 911 est.
706 850 780 910 Loci
798 861 899 911 autem
919 849 1103 910 convenient
1120 848 1147 908 in

148 949 212 1010 eius
244 948 360 1026 generis
388 947 595 1026 quaestionem
628 947 840 1025 consequentis
872 946 1081 1008 antecedentis
1113 967 1149 1008 re

148 1045 307 1124 pugnantis
318 1068 326 1120 ;
355 1045 489 1107 adiuncti
514 1045 605 1106 etiam
626 1045 670 1106 eis
691 1045 743 1123 qui
764 1056 922 1106 sumuntur
946 1066 983 1106 ex
1003 1045 1104 1106 causis
1123 1055 1149 1106 et

148 1144 268 1205 effectis.
312 1146 393 1205 Nam
414 1144 439 1204 si
459 1146 538 1204 hanc
557 1164 620 1204 rem
640 1143 690 1204 illa
709 1143 851 1221 sequitur,
870 1146 949 1204 hanc
968 1154 1071 1203 autem
1091 1163 1149 1204 non

148 1241 299 1320 sequitur,-
318 1251 370 1302 aut
389 1241 414 1301 si
432 1241 502 1302 huic
517 1241 558 1302 rei
577 1241 627 1301 illa
642 1241 802 1316 antecedit,
817 1240 888 1301 huic
902 1261 964 1302 non
981 1241 1135 1302 antecedit
1143 1263 1151 1316 3
1162 1263 1185 1300 ιο

148 1351 199 1400 aut
223 1339 248 1399 si
271 1333 342 1400 huic
363 1339 405 1400 rei
425 1323 578 1418 repugnat,
601 1338 727 1400 illinon
749 1350 894 1418 repugnat
905 1361 913 1413 3
943 1351 995 1399 aut
1016 1338 1041 1398 si
1063 1338 1150 1400 huius

148 1437 190 1498 rei
210 1437 293 1510 haec,
316 1436 394 1496 illius
415 1436 473 1497 alia
493 1457 583 1498 causa
603 1448 648 1498 est
659 1459 667 1513 ;
690 1449 742 1498 aut
763 1436 788 1497 si
809 1459 845 1498 ex
865 1436 924 1499 alio
945 1439 1012 1509 hoc,
1037 1457 1075 1497 ex
1096 1436 1152 1497 alio

149 1535 223 1595 illud
245 1536 384 1596 effectum
409 1547 471 1596 est:
500 1555 536 1596 ex
555 1535 661 1612 quovis
683 1538 790 1596 horum
810 1535 841 1596 id
861 1537 981 1612 dequo
1001 1535 1153 1612 quaeritur

103 1638 135 1701 89
149 1632 270 1693 idemne
297 1652 336 1692 an
364 1631 445 1693 aliud
469 1632 507 1693 sit
531 1632 656 1692 inveniri
684 1643 790 1711 potest.
834 1634 884 1693 Ad
912 1631 1031 1692 tertium
1056 1653 1152 1710 genus

149 1729 340 1808 quaestionis,
360 1729 392 1790 in
413 1751 474 1808 quo
496 1733 584 1809 quale
604 1730 642 1790 sit
663 1731 822 1808 quaeritur,
840 1730 872 1790 in
893 1730 1151 1808 comparationem
1164 1751 1188 1802 ¹⁵

149 1848 184 1888 ea
198 1829 310 1889 eadunt
324 1848 401 1905 quae
415 1831 505 1906 paulo
519 1839 589 1888 ante
604 1827 634 1887 in
649 1827 879 1906 comparationis
893 1830 961 1888 loco
976 1841 1152 1890 enumerata

149 1931 225 1986 sunt.
262 1927 300 1985 In
314 1924 389 1986 illud
403 1937 502 1985 autem
518 1945 612 2004 genus
626 1924 657 1985 in
677 1945 739 2003 quo
753 1926 792 1987 de
812 1927 981 2004 expetendo
995 1925 1153 2003 fugiendo

61 2044 63 2048 “
148 2041 208 2099 que
236 2023 386 2100 quaeritur
412 2022 593 2083 adhibentur
624 2043 660 2083 ea
688 2043 766 2100 quae
796 2034 866 2083 sunt
893 2034 944 2083 aut
975 2023 1069 2082 animi
1102 2037 1153 2086 aut

117 2129 123 2141 ⁴
149 2118 280 2198 corporis
299 2130 350 2180 aut
369 2131 489 2181 externa
502 2122 550 2181 vel
569 2123 731 2181 commoda
748 2122 795 2181 vel
814 2121 1016 2180 incommoda
1062 2124 1152 2184 Item·

150 2237 209 2295 que
223 2237 293 2277 cum
312 2219 351 2278 de
370 2219 498 2279 honesto
512 2217 650 2296 turpique
665 2216 822 2295 quaeritur,
838 2221 877 2279 ad
891 2218 983 2278 animi
1002 2219 1087 2280 bona
1101 2232 1152 2281 aut
1164 2237 1191 2272 20

104 2340 137 2392 90
150 2316 228 2374 mala
241 2315 339 2374 omnis
354 2314 448 2375 oratio
462 2314 617 2392 dirigenda
635 2327 687 2377 est.
732 2316 810 2377 Cum
829 2328 930 2377 autem
949 2319 988 2377 de
1006 2337 1108 2396 aequo
1123 2330 1152 2381 et

149 2410 253 2489 iniquo
267 2410 426 2486 disseritur,
442 2411 599 2490 aequitatis
616 2412 675 2473 loci
689 2412 882 2490 conligentur.
926 2414 970 2473 Hi
988 2427 1152 2476 cernuntur

150 2507 297 2586 bipertito,
314 2520 344 2569 et
358 2519 463 2569 natura
477 2521 506 2569 et
521 2509 665 2570 instituto.
709 2513 823 2572 Natura
837 2521 934 2589 partes
952 2511 1046 2573 habet
1064 2515 1149 2587 duas,

149 2604 341 2666 tributionem
361 2606 406 2666 sui
425 2606 535 2684 cuique
551 2617 580 2668 et
600 2607 763 2668 ulciscendi
776 2606 835 2668 ius.
880 2608 1034 2670 Institutio
1048 2622 1149 2672 autem

148 2701 305 2780 aequitatis
325 2702 469 2781 tripertita
490 2716 535 2764 est
545 2727 553 2778 ;
566 2725 637 2793 ‚una
658 2725 725 2783 pars
746 2703 877 2782 legitima
896 2716 949 2778 est,
969 2708 1062 2767 altera
1080 2728 1150 2769 con·
1163 2722 1188 2770 ²5

148 2798 279 2879 veniens,
313 2800 398 2860 tertia
432 2800 522 2862 moris
556 2812 702 2862 vetustate
737 2803 859 2863 firmata.
912 2800 1026 2884 [Atque
1058 2805 1149 2866 etiam

148 2896 282 2974 aequitas
297 2896 439 2974 tripertita
454 2898 562 2959 dicitur
580 2918 664 2973 esse;
685 2919 745 2959 una
761 2902 801 2959 ad
818 2919 940 2979 superos
959 2902 1043 2975 deos,
1059 2904 1151 2964 altera

149 2995 188 3054 ad
217 3013 327 3066 manes,
358 2993 443 3054 tertia
469 2997 509 3056 ad
541 2995 679 3055 homines
712 2983 866 3074 pertinere.
919 2995 1018 3058 Prima
1046 2998 1149 3077 pietas,

153 3092 285 3150 secunda
309 3092 457 3164 sanctitas,
480 3092 566 3152 tertia
590 3092 701 3154 iustitia
722 3104 774 3152 aut
796 3093 930 3171 aequitas
954 3093 1149 3177 nominatur]

99 3202 140 3262 24
155 3190 203 3247 De
234 3187 388 3265 proposito
420 3189 489 3249 satis
517 3190 618 3263 multa,
647 3190 790 3266 deinceps
817 3192 856 3251 de
888 3211 978 3253 causa
1008 3193 1188 3270 paucioraao

152 3283 282 3345 dicenda
314 3297 390 3347 sunt.
442 3289 587 3365 Pleraque
616 3288 697 3348 enim
730 3298 800 3349 sunt
831 3289 859 3348 ei
891 3309 960 3349 cum
995 3291 1150 3369 proposito

150 3401 330 3443 communia
365 3406 367 3410 ’
732 3407 738 3413 ’

182 3549 198 3596 3
216 3538 248 3586 de
257 3537 337 3585 altero
350 3537 430 3586 codd:
445 3538 477 3586 de
489 3538 539 3586 alio
548 3536 602 3586 b¹de
665 3540 682 3586 8
693 3539 821 3589 adiunctis
832 3511 899 3603 vulg.
969 3556 1001 3600 ²4
1013 3541 1149 3592 tuitionem

152 3600 191 3649 Oa
271 3603 362 3663 cuique
380 3602 420 3652 A:
448 3618 499 3653 om.
518 3603 585 3652 codd.
669 3603 790 3654 Instituta
811 3613 899 3654 autem
922 3606 1039 3667 aequitas
1057 3606 1151 3657 Sciatis

150 3669 231 3730 26-29
247 3667 352 3730 Atque.
366 3705 373 3720 .
387 3704 393 3718 .
407 3670 551 3718 nominatur
561 3668 613 3719 secl.
631 3667 726 3718 Schdta
