2588 4178
136 202 177 321 67
194 257 242 318 238
462 247 504 305 M.
535 245 664 304 Tvmr
694 245 927 306 meaaoms

192 435 298 492 mores,
326 414 350 474 si
375 416 473 474 vultus
502 413 634 491 denique
662 433 724 473 non
753 433 875 473 omnem
893 411 1199 473 vcommendationem

191 513 291 591 ingeni
317 523 467 586 everteret,
494 511 589 571 maius
618 532 730 572 nomen
758 512 790 571 in
812 511 944 589 patronis
971 509 1082 570 suisset.
1128 513 1199 571 Non

191 625 254 673 erat
277 614 444 685 abundans,
469 632 531 671 non
554 611 641 688 inops
664 623 784 685 tamen3
812 631 872 670 non
897 612 984 671 valde
1007 609 1113 684 nitenS,
1137 630 1199 669 non

191 715 279 789 plane
294 710 413 770 horrida
428 710 541 784 oratio;
562 730 620 770 vox
633 720 734 786 gestus
749 719 779 769 et
794 709 892 768 omnis
907 707 986 767 actio
1001 706 1065 768 sine
1080 710 1200 784 lepore,

191 819 221 867 at
236 809 266 867 in
284 806 472 869 inveniendis
492 807 771 884 componendisque
790 808 879 867 rebus
899 805 974 865 mira
992 805 1151 877 accuratio,
1167 816 1229 866 ut5

192 927 253 967 non
279 907 365 966 facile
388 905 419 964 in
444 908 506 966 ullo
528 905 745 982 diligentiorem
772 904 976 981 maioremque
998 902 1198 980 cognoverim,

193 1007 246 1064 sed
274 1025 340 1065 eam
369 1015 402 1064 ut
427 1004 513 1064 citius
538 1003 743 1063 veteratoriam
773 1000 864 1080 quarn
892 1001 1051 1062 oratoriam
1076 1001 1198 1061 diceres.

194 1104 256 1164 Hic
285 1102 340 1163 etsi
367 1103 457 1163 etiam
486 1103 517 1161 in
546 1101 674 1179 publicis
702 1101 799 1161 causis
827 1100 1016 1179 probabatur,
1043 1110 1145 1159 tamen
1170 1099 1201 1158 in

193 1201 288 1279 privat
289 1201 314 1260 is
346 1200 459 1261 inlust
425 1212 545 1260 tuorem
578 1199 733 1260 obtinebat
761 1202 870 1259 locum.
925 1199 959 1259 C.
990 1197 1101 1258 deinde
1130 1198 1201 1257 Piso

193 1300 329 1360 statarius
358 1311 388 1359 et
416 1299 561 1360 sermonis
584 1301 690 1375 plenus
716 1308 822 1370 orator,
848 1296 971 1356 minime
999 1296 1048 1356 ille
1076 1297 1200 1374 quidem
1218 1319 1246 1353 10

193 1397 326 1458 tardus
319 1419 350 1457 rn
372 1397 578 1473 excogitando,
597 1415 699 1456 verum
724 1406 825 1455 tamen
847 1397 910 1453 vult
899 1405 930 1453 tu
956 1404 986 1455 et
1010 1394 1139 1453 simulat
1119 1405 1201 1454 trone

193 1498 288 1555 multo
303 1495 394 1554 etiam
408 1495 521 1553 acutior
536 1514 626 1570 quam
641 1504 703 1553 erat
713 1493 877 1553 videbatur.
921 1493 1001 1552 Nam
1016 1492 1079 1552 eius
1094 1513 1202 1570 aequa-

192 1597 252 1654 lem
279 1595 330 1652 Μ’.
357 1591 551 1652 Glabrionem
578 1592 656 1651 bene
684 1590 853 1651 institutum
881 1589 929 1649 avi
954 1591 1114 1650 Scaevolae
1137 1589 1202 1649 dili-

193 1691 293 1768 gentia
307 1710 407 1749 socors
422 1688 514 1766 ipsius
529 1699 634 1747 natura
647 1690 867 1766 neglegensque
881 1689 1055 1747 tardaverat.
1100 1687 1200 1746 Etiam

194 1793 228 1849 L.
241 1792 411 1865 Torquatus
430 1789 548 1863 elegans
568 1785 598 1844 in
615 1786 753 1859 dicend0,
770 1786 801 1844 in
816 1785 1014 1846 existimando
1032 1787 1200 1845 admodum
1217 1803 1244 1851 15

194 1888 333 1964 prudens,
357 1896 421 1945 toto
448 1904 556 1961 genere
581 1885 773 1961 perurbanus
822 1886 911 1943 Meus
938 1893 1039 1942 autem
1068 1881 1201 1959 aequalis

195 1985 250 2045 Cn.
268 1981 429 2058 Pompeius
444 1981 488 2040 vir
501 1983 540 2041 ad
560 1980 662 2042 omnia
681 2001 798 2041 summa
815 1992 902 2040 natus
922 1979 1064 2040 maiorem
1079 1979 1202 2041 dicendi

193 2079 317 2158 gloriam
346 2078 507 2151 habuisset,
534 2078 590 2138 nisi
618 2099 687 2138 eum
713 2078 832 2138 maioris
855 2079 965 2156 gloriae
989 2077 1137 2156 cupiditas
1162 2080 1201 2137 ad

194 2179 316 2238 bellicas
340 2180 443 2238 laudes
469 2177 666 2237 abstraxisset.
714 2179 785 2236 Erat
813 2176 948 2237 oratione
975 2176 1045 2236 satis
1074 2177 1200 2253 amplus,

195 2293 258 2332 rem
278 2274 407 2349 prudent
408 2293 439 2331 er
396 2272 593 2344 tvidebat3
614 2271 693 2330 actio
713 2290 784 2330 vero
803 2270 867 2330 eius
886 2270 1018 2330 habebat
1035 2282 1065 2330 et
1082 2269 1248 2328 invocem

197 2389 338 2446 magnum
371 2372 626 2447 splendoremet
657 2368 687 2428 in
720 2379 803 2428 motu
836 2388 984 2427 summam
1016 2367 1200 2445 dignitatem

134 2491 182 2540 ²40
196 2469 307 2528 Noster
331 2467 403 2527 item
431 2467 563 2543 aequalis
593 2469 631 2526 D
658 2467 841 2527 Silanust
800 2467 828 2526 vi
830 2466 919 2524 tricus
948 2476 1016 2525 tuus
1045 2463 1125 2525 studi
1152 2464 1202 2523 ille

196 2564 319 2642 quidem
334 2563 439 2624 habuit
458 2585 519 2623 non
539 2567 665 2623 multum
688 2565 742 2624 sed
759 2562 905 2623 acuminis
921 2574 950 2623 et
965 2561 1106 2622 orationis
1121 2561 1201 2622 satis,

197 2664 235 2738 Q.
253 2662 414 2739 Pompeius
430 2665 465 2721 A.
483 2665 525 2734 F.‚
538 2663 589 2738 qui
605 2661 779 2739 Bithynicus
795 2661 892 2720 dictus
907 2671 960 2733 est,
972 2659 1096 2720 biennio
1110 2680 1201 2737 quam

197 2780 252 2820 nos
281 2761 404 2818 sortasse
429 2759 529 2831 maior,
554 2780 672 2819 summo
695 2759 795 2819 studio
816 2757 953 2818 discendi
975 2759 1128 2834 multaque
1151 2759 1203 2817 do·
1218 2773 1248 2823 25

196 2857 298 2930 ctrina,
310 2856 476 2932 incredibili
491 2858 592 2918 labore
606 2868 696 2934 atque
707 2855 852 2916 industria
858 2877 866 2930 ;
881 2857 963 2932 quod
975 2854 1049 2915 scire
1061 2874 1184 2932 possum
1197 2878 1202 2915 :

196 2955 252 3014 suit
277 2955 357 3015 enim
387 2975 506 3014 mecum
535 2967 565 3014 et
593 2976 661 3014 cum
689 2959 731 3015 M.
758 2955 866 3014 Pisone
892 2975 961 3014 cum
984 2953 1114 3012 amicitia
1138 2964 1203 3013 tum

197 3053 303 3121 studiis
328 3052 648 3130 exercitationibusque
677 3054 864 3126 coniunctus
909 3051 1009 3111 Huius
1037 3051 1116 3110 actio
1141 3071 1203 3111 non

198 3151 268 3210 satis
300 3137 533 3210 commendabat
562 3152 727 3212 orationem
738 3174 746 3226 3
780 3151 811 3210 in
841 3153 897 3210 hac
927 3149 1007 3210 enim
1040 3148 1109 3208 satis
1141 3161 1204 3209 erat

135 3270 181 3321 ²41
198 3248 312 3325 copiae,
336 3247 368 3306 in
393 3247 443 3307 illa
466 3260 565 3309 autem
591 3250 700 3326 leporis
724 3269 837 3327 parurn.
886 3251 957 3307 Erat
982 3247 1046 3307 eius
1070 3246 1203 3323 aequalis
1219 3266 1252 3315 30

200 3348 231 3404 P.
252 3344 416 3404 Autronius
437 3367 511 3406 voce
534 3360 674 3424 peracuta
694 3359 784 3424 atque
805 3366 913 3423 magna
934 3365 991 3404 nec
1011 3343 1069 3403 alia
1091 3364 1122 3404 re
1143 3346 1204 3403 ulla

198 3443 369 3519 probabilis,
391 3454 421 3504 et
441 3447 475 3504 L.
501 3444 642 3504 Octavius
666 3447 819 3516 Reatinus,
843 3443 894 3521 qui
918 3464 987 3503 cum
1014 3444 1121 3502 multas
1144 3442 1204 3502 iam

130 1269 178 1322 ²59

230 3613 245 3660 5
264 3599 446 3649 accuratioL:
465 3615 524 3648 cura
536 3615 566 3647 ac
584 3601 646 3648 ratio
665 3597 773 3663 Madvig
906 3615 936 3661 13
953 3599 995 3646 aui
1013 3597 1097 3662 vulga:
1116 3603 1161 3647 aut
1180 3598 1203 3646 L

197 3679 230 3727 25
248 3665 365 3715 discendi
377 3665 534 3714 Lambinus:
553 3666 653 3714 dicendi
666 3666 688 3714 Ι,
