2564 4170
528 176 706 239 ORATOR
1078 191 1119 252 33
1134 186 1182 237 rrd

119 345 215 423 agitur
237 344 369 426 ostendit
392 365 483 423 quam
506 345 698 421 brevissime3
728 356 803 420 tum,
826 357 860 406 ut
883 345 950 419 scis,
973 346 1119 424 explicato

119 463 228 520 genere
249 443 394 522 cuiusque
414 432 464 503 >rei
485 442 649 505 videndum
671 455 716 504 est
738 464 816 521 quae
839 444 899 504 sint
919 444 985 504 eius
1004 444 1119 523 generis

120 540 182 601 sive
204 542 317 602 formae
337 541 399 602 sive
420 553 526 619 partes,
548 554 581 602 ut
604 542 635 601 in
658 563 708 603 eas
732 542 877 602 tribuatur
896 542 995 602 omnis
1015 542 1117 604 oratio.

121 637 186 698 Erit
199 638 287 716 igitur
304 641 380 700 haec
397 641 521 700 facultas
539 639 570 699 in
587 660 625 700 eo
645 659 736 718 quem
750 641 888 700 volumus
901 660 967 700 esse
980 642 1120 718 eloquen-
1134 664 1182 716 ιη

92 747 191 809 stem,
214 748 248 796 ut
269 736 394 798 definire
417 758 479 798 rem
507 738 601 815 possit
628 758 685 798 nec
711 738 743 798 id
767 737 856 798 saciat
879 749 941 798 tam
965 758 1066 816 presse
1089 748 1120 798 et

120 847 246 910 anguste
273 854 364 911 quam
396 833 428 894 in
457 835 514 895 illis
544 835 749 895 eruditissimis
776 835 1029 912 disputationibus
1057 833 1120 896 fieri

121 933 207 1006 solet,
223 934 277 992 sed
298 953 368 993 cum
388 932 573 1010 explanatius
593 943 658 993 tum
678 932 768 992 etiam
789 932 910 992 uberius
929 933 1019 1013 etad
1040 952 1120 992 com·

122 1049 213 1089 mune
242 1029 388 1091 iudicium
421 1033 656 1109 popularemque
686 1029 919 1107 intellegentiam
952 1049 1121 1090 accommo

121 1127 240 1202 datius3
261 1127 403 1206 idemque
423 1128 521 1202 etiam,
542 1149 613 1189 cum
633 1148 680 1188 res
699 1127 870 1206 postulabit,
892 1147 986 1204 genus
1007 1126 1121 1187 univer-

78 1245 189 1285 rosum
203 1225 235 1284 in
249 1225 363 1302 species
377 1237 479 1299 certas,
495 1237 528 1286 ut
542 1228 624 1287 nulla
642 1246 740 1304 neque
757 1225 1006 1304 praetermittatur
1021 1244 1120 1302 neque

122 1324 280 1396 redundet,
300 1322 443 1400 partietur
468 1343 504 1383 ac
531 1323 652 1385 dividet
695 1325 828 1400 Quando
851 1334 952 1383 autem
976 1321 1008 1382 id
1032 1322 1121 1382 faciat

121 1431 173 1480 aut
195 1440 257 1496 quo
277 1422 379 1493 modo,
401 1419 475 1479 nihil
498 1423 538 1482 ad
562 1423 621 1482 hoc
644 1434 771 1500 tempus,
796 1421 948 1499 quoniam,
972 1431 1005 1480 ut
1032 1439 1121 1498 supra

121 1517 190 1588 dird,
216 1515 348 1578 iudicem
370 1537 437 1578 esse
460 1538 519 1592 me,
540 1538 602 1578 non
629 1521 784 1580 doctorem
804 1521 883 1579 volo.
926 1518 992 1578 Nec
1012 1537 1082 1578 vero
1101 1538 1121 1577 a
1134 1519 1182 1568 118

122 1614 286 1675 dialecticis
299 1617 392 1676 modo
406 1615 443 1675 sit
456 1615 617 1676 instructus
630 1628 660 1676 et
679 1617 788 1676 habeat
801 1615 900 1677 omnis
914 1614 1121 1693 philosophiae

78 1741 110 1791 15
123 1725 211 1774 notos
225 1733 261 1773 ac
274 1723 414 1772 tractatos
431 1715 523 1773 locos.
567 1713 650 1773 Nihil
671 1716 751 1774 enim
770 1715 809 1774 de
827 1713 980 1791 religione,
993 1712 1067 1771 nihil
1081 1713 1121 1772 de

122 1823 228 1886 morte,
249 1810 323 1870 nihil
343 1812 382 1871 de
405 1810 522 1888 pietate,
546 1812 619 1872 nihil
641 1813 680 1872 de
700 1811 821 1872 caritate
842 1811 961 1889 patriae,
986 1809 1060 1869 nihil
1081 1811 1121 1869 de

123 1909 211 1969 bonis
231 1910 320 1970 rebus
343 1919 395 1967 aut
416 1909 509 1981 malis,
532 1909 606 1969 nihil
628 1911 667 1970 de
687 1909 845 1970 virtutibus
866 1921 917 1970 aut
937 1908 1023 1980 vitiis,
1046 1907 1121 1966 nihil

122 2008 162 2067 de
180 2007 290 2081 officio,
319 2008 392 2068 nihil
409 2012 449 2070 de
465 2009 577 2081 dolore,
596 2007 670 2066 nihil
690 2008 730 2067 de
743 2009 905 2085 voluptate,
918 2006 992 2065 nihil
1006 2007 1044 2065 de
1057 2024 1122 2082 per-

122 2104 342 2165 turbationibus
368 2105 461 2166 animi
488 2116 518 2164 et
545 2103 701 2176 erroribus,
730 2124 807 2180 quae
834 2123 923 2181 saepe
950 2105 1062 2163 cadunt
1089 2101 1121 2160 in

78 2224 110 2260 ιο
123 2221 227 2260 causas
248 2213 279 2262 et
298 2202 425 2264 ieiunius
444 2214 582 2281 aguntur,
602 2201 687 2276 nihil,
704 2201 836 2278 inquam,
857 2201 921 2261 sine
942 2221 977 2261 ea
997 2199 1122 2260 scientia

123 2318 215 2375 quam
229 2299 290 2359 dixi
303 2301 427 2378 graviter
439 2303 539 2378 ample
553 2299 675 2377 copiose
688 2298 749 2358 dici
762 2310 793 2360 et
806 2298 945 2376 explicari
958 2308 1062 2375 potest

165 2399 213 2457 De
234 2398 357 2459 materia
382 2402 490 2476 loquor
514 2396 657 2458 orationis
680 2396 771 2456 etiam
793 2416 884 2471 nunc,
905 2415 968 2455 non
990 2395 1029 2455 de
1053 2394 1120 2472 ipso

122 2515 230 2572 genere
254 2495 383 2557 dicendi
426 2498 506 2556 Volo
529 2495 610 2556 enim
638 2493 719 2572 prius
742 2494 853 2553 habeat
874 2504 972 2553 orator
995 2511 1057 2551 rem
1081 2492 1121 2551 de

123 2612 184 2669 qua
203 2593 292 2666 dieat,
313 2593 435 2671 dignam
461 2593 582 2653 auribus
609 2592 741 2664 eruditis,
765 2611 854 2668 quam
879 2589 988 2668 cogitet
1012 2589 1122 2665 quibus

78 2709 111 2760 ²⁵
123 2689 221 2749 verbis
242 2690 377 2768 quidque
400 2691 480 2752 dicat
502 2688 566 2772 [aut
587 2711 649 2767 quo
673 2686 779 2770 modo]
790 2711 799 2762 ;
828 2708 918 2764 quem
939 2686 1036 2759 etiam,
1060 2706 1121 2764 quo

122 2787 262 2862 grandior
282 2788 319 2848 sit
337 2800 368 2849 et
388 2791 520 2866 quodam
542 2791 636 2850 modo
656 2786 808 2860 excelsior,
822 2796 855 2844 ut
875 2786 914 2844 de
928 2783 1041 2843 Pericle
1059 2783 1121 2844 dixi

123 2902 221 2960 supra,
242 2905 281 2944 ne
301 2886 491 2963 physicorum
513 2885 635 2963 quidem
656 2905 722 2945 esse
742 2883 876 2962 ignarum
890 2883 968 2942 volo.
1011 2881 1123 2941 Omnia

123 2983 266 3058 profecto,
287 3003 358 3043 cum
379 3004 411 3044 se
431 3005 450 3044 a
469 2983 647 3044 caelestibus
667 2983 755 3043 rebus
776 2983 881 3041 referet
901 2980 941 3038 ad
966 2979 1121 3051 humanas,

123 3079 267 3140 excelsius
290 3081 587 3159 magnificentiusque
608 3092 639 3141 et
661 3079 741 3141 dicet
762 3091 792 3139 et
812 3077 927 3138 sentiet
972 3078 1051 3138 Cum
1072 3076 1185 3138 illam

1132 2364 1173 2424 34

1136 2457 1182 2507 ¹¹9

159 3250 186 3283 11
204 3237 309 3299 quando
319 3244 406 3286 autem
417 3244 461 3286 aut
474 3239 513 3295 (et
524 3235 591 3297 ΡΜ)
604 3237 733 3298 quomodo
744 3235 769 3283 id
781 3234 860 3284 facias
872 3234 895 3283 L
996 3248 1025 3296 13
1041 3251 1056 3283 a
1067 3250 1119 3283 om.

123 3301 195 3350 FPO
281 3303 313 3349 16
329 3310 410 3351 morte
421 3301 505 3351 FPO:
524 3303 631 3351 mooeA
716 3317 745 3362 17
763 3298 836 3349 novis
848 3301 924 3350 rebus
936 3299 1014 3348 FPM
1023 3316 1030 3347 z
1047 3300 1123 3349 rebus

124 3366 236 3415 noviso
343 3368 514 3416 raoffictisA
616 3365 847 3416 aoetAtsedL
913 3373 1125 3426 et...agnntur

122 3433 175 3481 aad.
189 3432 296 3480 traam
390 3447 421 3494 as
438 3440 481 3481 aut
496 3433 636 3495 quomodo
650 3431 737 3480 om.A
758 3432 796 3478 ml
898 3446 929 3491 27
946 3430 1122 3478 voloomnino

124 3496 301 3610 mdudliake
408 3493 911 3548 aueum...uumanassec1.Homur
1005 3510 1122 3556 aecum·

122 3563 230 3626 queilla

154 3659 203 3694 cic.
216 3658 324 3694 omna
1027 3643 1058 3693 10
