2588 4178
547 189 725 252 ORATOR
1097 193 1141 264 46
1157 198 1203 265 ¹⁵⁶

139 353 221 428 Quid
237 373 337 412 verum
353 353 390 413 sit
405 352 563 431 intellego;
587 355 641 414 sed
654 353 727 415 alias
742 355 782 414 ita
796 357 902 431 loquor
916 365 949 414 ut
963 374 1139 415 concessum

139 465 191 522 est,
213 463 245 510 ut
267 454 324 511 hoc
348 448 422 532 [vel]
445 472 498 529 pro
521 455 612 512 deum
633 452 702 512 dico
721 455 767 512 vel
789 473 843 530 pro
864 454 1000 525 deorum,
1013 452 1085 513 alias
1107 465 1140 512 ut

139 569 261 608 necesse
282 561 333 622 est,
358 569 426 608 cum
449 549 537 609 trium
557 549 661 622 virum,
682 570 744 609 non
766 549 905 624 virorum,
922 562 951 610 et
972 550 1138 611 sestertium

139 667 307 719 nummum,
321 667 383 706 non
404 647 605 707 sestertiorum
627 668 828 720 nummorum,
847 649 930 725 quod
951 647 982 706 in
1004 647 1049 707 his
1071 668 1140 708 con-

110 763 123 811 5
138 746 266 803 suetudo
280 744 359 803 varia
374 765 435 805 non
450 756 502 804 est.

178 841 261 917 Quid
289 842 371 918 quod
400 841 442 901 sic
471 841 562 918 loqui,
588 861 684 913 nosse,
712 841 858 901 iudicasse
886 852 994 913 vetant,
1020 841 1139 902 novisse
1151 817 1192 941 2⁷

137 939 240 999 iubent
255 951 285 999 et
299 938 499 999 iudicavisse?
523 938 607 1016 quasi
627 958 696 998 vero
718 937 885 998 nesciamus
904 938 935 997 in
955 941 1013 998 hoc
1031 960 1139 1016 genere
1168 903 1200 957 ⁵⁷

136 1050 165 1096 et
180 1038 302 1114 plenum
317 1038 441 1097 verbum
456 1048 535 1096 recte
549 1035 609 1095 dici
623 1047 653 1096 et
667 1036 858 1097 imminutum
874 1036 988 1097 usitate.
1033 1039 1139 1116 Itaque

136 1147 296 1211 utrumque
310 1134 468 1195 Terentius
483 1157 488 1192 :

95 1246 125 1280 10
218 1234 276 1291 cho
298 1245 338 1305 tu,
361 1242 522 1309 cognatum
543 1243 627 1292 tuom
649 1252 711 1292 non
733 1234 847 1291 noras?

137 1342 205 1407 post
219 1329 301 1389 idem

511 1426 676 1504 Stilponem
699 1426 821 1504 inquam
843 1446 975 1487 noveras.

137 1525 219 1584 Sient
246 1527 368 1602 plenum
397 1534 450 1596 est,
477 1523 535 1583 sint
560 1523 750 1584 imminutum
762 1546 770 1598 ;
799 1523 867 1591 licet
892 1536 973 1585 utare
1002 1535 1135 1601 utroque.

138 1625 217 1699 Ergo
231 1622 344 1682 ibidem
357 1645 362 1681 :

95 1747 124 1797 15
218 1740 295 1796 quae
317 1740 407 1797 quam
429 1719 488 1779 sint
509 1740 577 1780 cara
598 1730 665 1797 post
686 1721 816 1780 carendo
837 1718 1020 1796 intellegunt,

218 1836 369 1895 quamque
389 1816 537 1876 attinendi
558 1816 657 1893 magni
679 1816 849 1877 dominatus
871 1816 956 1876 sient.

137 1916 203 1974 Nec
217 1935 287 1974 vero
301 1914 541 1992 reprehenderim

217 2013 359 2090 scripsere
380 2012 433 2072 alii-
450 2033 521 2072 rem.

137 2122 166 2171 et
188 2110 367 2187 scripserunt
387 2131 453 2170 esse
472 2110 568 2169 verius
590 2109 695 2182 sentio,
711 2112 764 2169 sed
785 2107 1003 2169 consuetudini
1016 2109 1136 2169 auribus

93 2232 125 2266 ιο
138 2210 303 2287 indulgenti
317 2210 443 2270 libenter
456 2211 613 2286 obsequor.

195 2366 199 2372 .
218 2308 314 2368 isdem
336 2327 459 2384 campus
480 2308 571 2367 habet

135 2405 232 2482 inquit
254 2405 368 2465 Ennius
380 2427 387 2475 ;
411 2416 440 2464 et
460 2403 491 2462 in
513 2403 652 2482 templis:
678 2405 818 2462 EIDEM
841 2404 1076 2477 PROBAVIT;
1106 2414 1135 2463 at

136 2504 230 2563 isdem
255 2515 316 2564 erat
340 2501 444 2575 verius
459 2517 528 2562 'nec
556 2513 656 2561 tamen
684 2500 797 2561 eisdem
820 2511 853 2560 ut
877 2500 1027 2578 opimius.;
1058 2503 1135 2562 male

136 2601 261 2661 sonabat
275 2600 389 2660 isdem:
417 2599 607 2676 impetratum
628 2610 706 2660 esta
725 2597 943 2658 consuetudine
962 2608 995 2657 ut
1012 2617 1135 2675 peccare

93 2717 123 2766 25
136 2698 286 2758 suavitatis
307 2702 397 2758 cauda
417 2697 525 2757 liceret.
569 2699 608 2755 Et
622 2694 856 2774 posmeridianas
870 2695 1027 2772 quadrigas
1044 2715 1134 2772 quarn

136 2795 382 2874 postmeridianas
396 2796 587 2871 quodningas
602 2793 743 2854 libentius
760 2792 883 2854 dixerim
901 2805 931 2852 et
949 2813 998 2852 me
1015 2795 1134 2854 hercule
1227 2863 1229 2867 ¹

169 2967 184 3000 a
201 2953 241 3000 vel
253 2953 336 3001 om.A
415 2968 430 3011 4
448 2949 625 2998 sestertiorum
632 2949 706 2997 Itali:
723 2949 924 2998 sestertiumA:
940 2946 1023 2996 om.L
1088 2963 1134 2997 .1o

135 3025 272 3079 cognatum
293 3017 361 3065 AL:
386 3015 517 3065 sobrinum
543 3015 634 3083 Terent.
654 3014 772 3074 Phorm„
872 3030 902 3075 13
919 3015 987 3062 sient
1006 3050 1012 3062 .
1031 3049 1037 3063 .
1058 3014 1133 3062 .sint
1216 3061 1218 3065 ,

135 3083 291 3145 Heerdegen:
312 3085 335 3132 si
352 3088 379 3129 et
460 3080 574 3129 sientL:
596 3081 655 3129 sin.
668 3115 675 3129 .
690 3118 694 3126 .
707 3080 747 3128 sin
764 3078 790 3126 A
894 3095 924 3139 14
941 3095 1003 3140 ergo
1015 3078 1132 3127 *ibidem

132 3149 205 3208 Jahn
218 3153 302 3211 ponae
318 3162 408 3194 nomen
424 3145 538 3194 excidisse
550 3145 706 3208 suspicatus:
728 3145 787 3192 alibi
802 3143 888 3192 redens
904 3159 953 3191 esse
968 3143 1029 3193 vidit
1039 3143 1135 3208 Stangl

137 3229 166 3276 15
183 3229 249 3276 quae
262 3229 337 3275 quam
349 3214 400 3260 sint
412 3227 470 3260 cara
482 3210 599 3258 Ribbeck:
616 3225 691 3322 quapp
703 3225 762 3258 cara
773 3210 825 3258 sint
833 3225 898 3285 quae
905 3209 969 3321 ‘lii
1023 3211 1132 3259 carendo
1225 3236 1228 3239 v

135 3277 527 3403 amarana-
544 3276 970 3389 ⁰³²'⁶2¹¹1‘¹lsamcaifiliffiam
982 3338 1034 3387 Ar
1059 3289 1089 3336 ¹⁹
1099 3282 1133 3386 ἒξ

135 3411 218 3458 eidem
231 3407 391 3472 Heerdegen:
409 3408 476 3456 idem
487 3406 538 3454 AL
637 3420 669 3466 23
686 3405 766 3454 isdem
780 3405 820 3454 L:
838 3405 935 3453 eisdem
948 3405 972 3452 Α
1033 3403 1131 3452 eisdem

136 3511 184 3524 ...
204 3475 302 3523 eisdem
314 3474 357 3521 A:
375 3473 520 3521 isdem...
539 3471 620 3519 isdem
638 3471 660 3518 L
677 3487 736 3520 coer.
755 3469 896 3536 Heerdegen
1023 3483 1055 3530 25
1073 3483 1131 3529 pos-

136 3540 288 3588 meridianas
303 3537 385 3586 Vele'us
395 3536 475 3601 Long.
489 3551 514 3599 p.
526 3551 607 3598 2237:
623 3536 812 3598 pomeridianas
822 3535 873 3584 AL
983 3536 1016 3582 26
1032 3535 1131 3596 quadri-

136 3606 209 3669 iugas
221 3605 277 3654 add.
291 3603 434 3652 Doederlein
