2588 4178
532 210 710 292 ounron
1081 217 1123 277 rs
1136 226 1168 292 ες

123 377 305 439 adversarios
320 379 389 458 figet
403 399 460 441 nec
474 399 526 441 eos
541 393 641 441 tamen
647 401 773 470 ⁸semper
787 401 842 443 nec
857 381 955 442 omnis
969 403 1025 444 nec
1040 385 1123 444 omni

125 477 225 536 modo.
268 477 388 553 Quibus
410 477 540 556 exceptis
563 478 606 538 sic
626 491 725 540 utetur
745 482 806 540 sale
827 490 856 539 et
875 480 996 554 facetiis,
1016 492 1048 540 ut
1067 502 1123 561 ego

124 594 160 634 ex
180 573 244 635 istis
264 575 350 635 novis
367 575 474 636 Atticis
495 577 584 637 talem
606 577 795 656 cognoverim
819 577 981 653 neminem,
1000 599 1070 640 cum
1091 579 1123 640 id

124 683 203 732 certe
227 671 265 732 sit
285 676 332 733 vel
353 672 481 735 maxime
498 674 640 735 Atticum.
685 677 776 736 Hanc
797 696 853 754 ego
873 675 975 736 iudico
995 678 1123 737 formam
1135 706 1169 756 90

96 769 274 835 ssummissi
300 770 432 846 oratoris,
461 773 515 832 sed
546 772 645 852 magni
673 784 774 833 tamen
802 785 831 833 et
858 773 990 852 germani
1013 773 1124 846 Attici;

124 867 266 946 quoniam
292 868 436 947 quicquid
461 882 506 930 est
527 871 638 930 salsum
662 881 714 931 aut
739 871 856 932 salubre
878 870 909 930 in
932 872 1073 944 oratione,
1093 872 1123 932 id

123 966 275 1044 proprium
300 967 469 1028 Atticorum
499 979 552 1028 est.
600 971 626 1027 E
655 967 764 1046 quibus
796 979 897 1029 tamen
925 988 988 1048 non
1018 989 1125 1030 omnes

123 1062 229 1124 faceti:
250 1063 354 1141 Lysias
373 1063 443 1125 satis
463 1076 492 1126 et
510 1065 689 1144 Hyperides,
706 1068 859 1127 Demades
877 1077 992 1143 praeter
1011 1078 1125 1128 ceteros

123 1164 221 1236 fertur,
237 1163 457 1224 Demosthenes
472 1164 570 1224 minus
584 1164 711 1225 habetur
720 1186 728 1239 ;
749 1184 811 1242 quo
825 1163 947 1241 quidem
963 1163 1036 1223 mihi
1051 1163 1125 1224 nihil

82 1275 112 1310 10
123 1258 240 1320 videtur
254 1259 403 1336 urbanius,
419 1262 550 1322 sednon
569 1272 629 1320 tam
644 1261 731 1322 dicax
749 1261 804 1322 fuit
818 1281 908 1339 quam
923 1263 1057 1336 facetus3
1081 1274 1126 1323 est

123 1368 224 1417 autem
239 1356 313 1418 illud
326 1357 446 1418 acrioris
460 1357 568 1438 ingeni,
585 1361 644 1419 hoc
659 1358 777 1419 maioris
790 1359 868 1419 artis.
891 1386 894 1391 ·

165 1453 293 1516 Vberius
328 1466 373 1516 est
401 1456 483 1517 aliud
517 1456 731 1534 aliquantoque
763 1457 913 1517 robustius
943 1476 1033 1535 quam
1065 1458 1166 1522 h0091

126 1553 239 1613 humile
259 1555 298 1614 de
319 1573 380 1632 quo
401 1554 515 1614 dictum
536 1565 590 1628 est,
610 1554 796 1615 summissius
817 1567 918 1615 autem
939 1574 1030 1631 quarn
1051 1554 1126 1615 illud

126 1651 165 1711 de
186 1671 247 1728 quo
268 1651 326 1711 iam
348 1650 464 1711 dicetur
483 1651 709 1730 amplissimum.
753 1654 824 1713 Hoc
844 1651 875 1711 in
896 1672 1004 1729 genere
1025 1672 1128 1715 nervo

83 1766 113 1817 15
126 1768 192 1808 rum
206 1751 253 1809 vel
267 1748 434 1822 minimum,
450 1749 601 1809 suavitatis
619 1761 720 1809 autem
740 1761 785 1811 est
798 1750 845 1809 vel
859 1749 1028 1827 plurimum.
1073 1752 1127 1809 Est

126 1845 207 1906 enim
234 1846 352 1924 plenius
379 1866 469 1924 quarn
497 1849 555 1908 hoc
583 1848 783 1921 enucleatum,
807 1867 896 1924 quam
924 1858 1024 1907 autern
1052 1846 1126 1908 illud

126 1954 263 2004 ornatum
286 1943 503 2022 copiosumque
527 1943 721 2004 summissius.
766 1944 848 2005 Huic
876 1943 977 2005 omnia
1004 1943 1126 2005 dicendi
1137 1910 1169 2051 ζ,

126 2053 301 2102 ornamenta
324 2041 507 2102 conveniunt
533 2041 755 2120 plurimumque
783 2053 827 2101 est
851 2040 882 2101 in
904 2043 961 2101 hac
985 2040 1127 2101 orationis

126 2141 222 2200 forma
246 2138 405 2199 suavitatis.
449 2142 486 2199 In
510 2160 571 2216 qua
592 2139 678 2199 multi
700 2141 862 2199 floruerunt
884 2140 965 2216 apud
987 2141 1126 2212 Graecos,

83 2268 115 2302 πο
128 2238 182 2298 sed
210 2238 369 2297 Phalereus
399 2237 568 2297 Demetrius
599 2257 668 2298 meo
698 2237 810 2298 iudicio
841 2235 987 2315 praestitit
1013 2236 1126 2308 ceteris,

127 2334 212 2394 cuius
229 2334 323 2394 oratio
341 2355 411 2394 cum
428 2337 530 2395 sedate
549 2336 726 2413 placideque
743 2333 872 2413 liquitur,
888 2346 951 2394 turn
971 2333 1129 2393 inlustrant

127 2451 194 2493 carn
209 2431 293 2510 quasi
312 2434 414 2492 stellae
428 2435 576 2509 quaedam
593 2435 734 2492 translata
750 2433 840 2494 verba
857 2442 947 2509 atque
961 2430 1126 2490 immutata

126 2532 283 2590 Translata
296 2529 376 2604 dico,
389 2542 422 2590 ut
436 2549 524 2608 saepe
538 2529 606 2603 iam,
622 2550 699 2607 quae
713 2550 766 2607 per
779 2527 1004 2589 similitudinem
1017 2528 1057 2588 ab
1071 2528 1128 2588 alia

126 2649 158 2689 re
171 2640 223 2688 aut
237 2626 388 2688 suavitatis
405 2639 456 2687 aut
470 2626 589 2704 inopiae
606 2647 696 2687 causa
709 2628 941 2703 transieruntu13
962 2625 1127 2700 immutata,

84 2741 112 2788 2⁵
126 2725 157 2785 in
182 2725 292 2803 quibus
315 2744 370 2802 pro
397 2725 489 2785 verbo
516 2723 636 2802 proprio
664 2723 808 2784 subicitur
833 2722 915 2784 aliud
939 2724 1022 2801 quod
1046 2722 1126 2783 idem

127 2823 272 2900 significet
286 2834 438 2901 sumptum
458 2843 493 2883 ex
510 2843 541 2882 re
559 2822 659 2900 aliqua
671 2821 876 2899 consequenti.
919 2822 1011 2898 Quod
1026 2841 1128 2898 quam·
1139 2847 1172 2896 93

128 2941 218 2999 quarn
232 2923 437 2981 transferendo
451 2926 491 2992 nt,
508 2931 609 2980 tamen
623 2920 682 2980 alio
697 2921 789 2981 modo
809 2918 956 2978 transtulit
970 2938 1039 2978 cum
1054 2917 1128 2978 dixit

129 3019 244 3079 Ennius
255 3038 322 3079 arce
333 3030 363 3079 et
373 3020 446 3079 urbe
461 3018 534 3078 orba
545 3037 619 3090 sum‚·
630 3017 689 3078 alio
701 3014 815 3098 modo[,
826 3017 850 3076 si
861 3036 915 3095 pro
925 3015 1020 3094 patria
1028 3036 1128 3077 arcem

159 3175 302 3237 3cognovi
316 3174 407 3221 maluit
416 3171 483 3221 Reid
595 3172 737 3232 soratoris
749 3187 807 3220 esse
820 3171 912 3219 maluit
921 3170 991 3218 Bake
1099 3184 1129 3217 12

129 3247 206 3302 toque
215 3240 346 3290 robustius
352 3239 497 3301 halicincr'pr'l
503 3237 578 3286 codex
586 3237 745 3285 Abn'ncensr‘s
758 3236 808 3300 (A)
877 3251 906 3296 15
918 3234 1051 3284 suavitatis
1060 3233 1128 3286 AL:

128 3306 246 3354 sanitatis
264 3303 352 3353 Beier:
376 3303 509 3366 sanguinis
524 3302 619 3351 Schultz
718 3304 749 3349 16
765 3300 922 3350 autemslA
1025 3301 1056 3347 18
1073 3315 1130 3348 ora-

128 3367 207 3420 tionis
229 3370 318 3419 FPO:
346 3369 488 3418 ornamenti
506 3368 532 3416 A
644 3382 674 3415 ar
693 3367 798 3429 liquitur
814 3366 861 3414 A:
887 3365 984 3413 labitur
1000 3364 1136 3427 Purgoldz,

128 3434 273 3498 loquiturL
317 3459 318 3464 =
364 3450 396 3484 aa
413 3431 595 3483 immulataLr
611 3434 744 3481 mutataA
829 3447 861 3491 24
878 3431 1010 3480 immutata
1020 3427 1129 3480 sclao:

129 3509 224 3550 mutata
237 3501 289 3549 AL
421 3515 452 3560 27
470 3515 526 3548 cum
545 3497 587 3548 L:
604 3499 673 3561 quod
690 3498 717 3546 A
816 3511 874 3545 cum
891 3495 956 3544 dixit
969 3495 1021 3545 secl.
1037 3492 1133 3558 Stangl

130 3568 162 3615 28
178 3582 238 3615 arce
255 3574 281 3614 et
297 3566 361 3615 urbe
377 3565 440 3614 orba
456 3580 513 3613 surn
530 3565 613 3626 oulg.:
635 3578 720 3612 arcem
736 3570 764 3611 et
780 3561 868 3611 urbem
889 3563 965 3611 orbas
981 3560 1021 3608 L:
1040 3567 1130 3609 arcent

130 3631 354 3680 urbemorbamA
421 3631 498 3679 modo
508 3629 559 3678 secl
572 3627 668 3692 Stangl
731 3629 752 3676 si
765 3663 772 3678 .
787 3627 934 3678 ..dixisset
944 3625 996 3674 secl.
1011 3623 1106 3674 Goeller
