2588 4178
99 191 138 236 22
151 189 182 254 s,
398 181 441 240 u.
463 180 591 239 utum
613 179 845 242 cicnaouis

151 368 182 408 se
196 346 348 421 accidisse,
364 357 397 407 ut
411 367 447 407 ex
464 358 584 407 senatus
604 349 742 408 consulto
762 351 794 408 P.
811 346 912 426 Scipio
933 359 962 408 et
977 348 1015 407 D.
1032 349 1151 421 Brutus,

150 458 182 507 ut
196 444 311 523 opinor,
322 447 459 505 consules
474 447 513 505 de
527 464 558 505 re
569 444 661 505 atroci
675 465 843 523 magnaque
858 456 1041 524 quaererent.
1071 447 1152 506 Nam

149 564 220 605 cum
234 542 265 602 in
280 542 352 603 silva
373 543 434 603 Sila
447 545 525 603 lacta
546 545 653 660 qaedes
667 555 745 604 esset
766 543 891 620 notique
911 542 1049 603 homines
1066 541 1154 603 inter-

149 640 219 702 fecti
233 639 511 718 insimulareturque
531 640 650 715 familia,
666 640 773 719 partim
792 640 882 702 etiam
899 640 984 701 liberi
1003 639 1154 701 societatis

150 738 222 811 eius,
239 758 316 816 quae
336 738 461 815 picarias
482 739 521 798 de
543 741 575 797 P.
592 739 733 801 Cornelio
755 740 789 799 L.
806 737 958 799 Mummio
978 738 1182 811 censoribus5

151 835 332 909 redemisset,
349 835 516 897 decrevisse
530 848 675 908 senatum,
691 848 724 897 ut
738 838 778 897 de
797 856 877 897 care
894 847 1109 914 cognoscerent
1123 847 1154 896 et

105 940 136 991 86
151 944 313 995 statuerent
340 936 487 994 consules.
531 935 661 996 Causam
683 954 738 1012 pro
761 934 928 1012 publicanis
950 946 1096 1008 accurate,
1120 945 1154 994 ut

151 1052 268 1110 semper
288 1031 392 1092 solitus
413 1043 498 1105 esset,
524 1034 733 1111 eleganterque
754 1031 863 1093 dixisse
884 1031 1028 1093 Laelium.
1073 1032 1153 1094 Cum

150 1133 288 1191 consules
306 1151 336 1190 re
353 1129 456 1192 audita
469 1133 613 1190 Amemus
631 1131 670 1191 de
689 1129 795 1191 consili
813 1130 961 1191 sententia
981 1129 1153 1207 pronuntia-

149 1227 269 1301 vissent,
291 1226 393 1305 paucis
421 1227 602 1306 interpositis
629 1227 736 1288 diebus
758 1226 865 1288 iterum
894 1227 1030 1289 Laelium
1055 1230 1151 1289 multo
1166 1248 1198 1287 io

149 1323 320 1402 diligentius
335 1323 501 1402 meliusque
515 1324 624 1385 dixisse
638 1325 806 1403 iterumque
819 1324 929 1387 eodem
944 1328 1037 1388 modo
1050 1345 1067 1386 a
1082 1347 1153 1387 con-

151 1425 265 1485 sulibus
280 1444 342 1484 rem
363 1444 429 1484 esse
443 1425 596 1502 prolatam.
640 1426 721 1483 Tum
741 1423 886 1498 Laelium,
903 1445 973 1485 cum
994 1445 1065 1485 eum
1079 1425 1154 1486 socii

150 1524 275 1583 domum
297 1521 482 1582 reduxissent
503 1521 692 1601 egissentque
711 1520 819 1600 gratias
840 1534 870 1583 et
888 1543 927 1584 ne
946 1523 1155 1602 defatigaretur

151 1619 322 1693 oravissent,
334 1622 469 1680 locutum
484 1639 549 1680 esse
563 1619 621 1679 ita:
643 1639 675 1680 se
689 1639 766 1698 quae
780 1619 898 1681 lecisset
913 1620 1034 1682 honoris
1049 1641 1153 1683 eorum

150 1739 239 1780 causa
254 1718 388 1779 studiose
409 1721 606 1796 accurateque
620 1717 733 1792 secisse,
750 1721 803 1779 sed
825 1739 857 1780 se
877 1719 1011 1780 arbitrari
1031 1739 1199 1790 causam15

149 1817 230 1876 illam
252 1836 270 1876 a
293 1817 353 1876 Ser.
373 1816 478 1890 Galba,
501 1817 584 1895 quod
604 1815 629 1876 is
653 1815 685 1876 in
704 1815 835 1878 dicendo
855 1817 983 1878 atrocior
998 1818 1154 1898 acriorque

151 1926 237 1988 esset,
249 1913 365 1991 gravius
380 1925 410 1975 et
424 1913 630 1975 vehementius
644 1935 733 1993 posse
743 1915 873 1976 delendi.
908 1918 1014 1993 Itaque
1028 1916 1154 1977 auctori-

105 2027 137 2090 87
152 2023 212 2073 tate
227 2013 261 2074 C.
275 2012 367 2072 Laeli
372 2011 548 2089 publicanos
560 2033 680 2073 causam
692 2002 833 2074 detulisse¹
846 2015 886 2075 ad
901 2015 1048 2088 Galbam3
1068 2013 1153 2075 illum

150 2122 259 2182 autem,
276 2112 359 2187 quod
378 2108 405 2170 ei
419 2109 482 2170 viro
499 2112 724 2171 succedendum
738 2123 823 2185 esset,
839 2114 1009 2172 verecunde
1025 2124 1055 2172 et
1069 2112 1155 2173 dubi·

150 2221 246 2269 tanter
273 2207 428 2286 recepisse.
470 2211 573 2268 Vnum
597 2208 682 2286 quasi
709 2209 992 2287 comperendinatus
1020 2210 1153 2272 medium
1169 2226 1200 2263 ²0

150 2305 231 2367 diem
254 2305 353 2380 luisse,
378 2327 469 2384 quem
492 2317 588 2366 totum
612 2306 740 2367 Galbam
763 2306 794 2366 in
822 2307 1041 2368 consideranda
1064 2328 1155 2370 causa

150 2405 422 2483 componendaque
445 2404 599 2482 posuisse3
630 2415 661 2465 et
687 2425 757 2465 curn
780 2404 958 2484 cognitionis
986 2404 1051 2466 dies
1075 2417 1154 2467 esset

150 2514 179 2563 et
194 2501 257 2580 ipse
273 2500 403 2562 Rutilius
425 2513 528 2580 rogatu
549 2502 698 2564 sociorum
713 2505 838 2563 domum
859 2504 898 2563 ad
919 2504 1047 2563 Galbam
1065 2524 1154 2565 mane

149 2599 289 2674 venisset,
300 2610 332 2659 ut
347 2620 416 2660 eum
430 2602 606 2662 admoneret
620 2612 649 2661 et
663 2602 702 2661 ad
717 2600 838 2662 dicendi
846 2611 970 2678 ,tempus
981 2602 1151 2677 adduceret,

150 2718 245 2776 usque
259 2696 351 2770 illum,
364 2700 465 2774 quoad
480 2697 507 2759 ei
522 2697 691 2759 nuntiatum
706 2712 785 2758 esset
799 2701 937 2759 consules
951 2699 1152 2775 descendisse,
1169 2717 1199 2768 ²5

150 2796 291 2858 omnibus
310 2795 436 2857 exclusis
458 2807 693 2862 commentatum
715 2797 746 2856 in
767 2798 899 2874 quadam
916 2796 1066 2858 testudine
1083 2818 1153 2858 cum

150 2894 240 2955 servis
267 2894 401 2955 litteratis
410 2895 527 2969 ‘'fuisse,
557 2916 685 2975 quorum
713 2898 771 2956 alzi’
794 2895 877 2956 aliud
905 2895 1017 2957 dictare
1044 2898 1153 2958 eodem

151 3005 285 3071 tempore
312 2993 417 3054 solitus
445 3003 530 3054 esset.
575 2994 699 3055 Interim
727 3014 797 3055 cum
822 3005 900 3055 esset
927 2994 955 3054 ei
983 2993 1153 3055 nuntiatum

151 3103 270 3168 tempus
284 3111 357 3165 esse,
373 3091 468 3152 exisse
482 3091 513 3151 in
532 3092 615 3152 aedis
629 3112 666 3152 eo
680 3095 780 3153 colore
795 3104 825 3153 et
839 3091 881 3152 eis
896 3091 998 3165 oculis,
1011 3104 1044 3152 ut
1059 3092 1153 3170 egisse

105 3213 137 3260 88
152 3209 281 3262 causam,
297 3209 359 3249 non
374 3201 610 3251 commentatum
625 3201 751 3268 putares.
795 3191 938 3252 Addebat
952 3189 1041 3250 etiam
1061 3189 1153 3270 idque
1168 3207 1201 3258 30

182 3345 241 3405 sin
265 3346 328 3393 silva
351 3344 405 3394 Sila
427 3345 572 3396 Turnebus:
600 3347 625 3394 in
648 3347 720 3396 siuas
737 3348 772 3396 ita
798 3347 838 3397 F:
863 3347 954 3396 istiuas
975 3347 1010 3396 ita
1030 3347 1153 3400 BHMG:

151 3411 239 3460 Stiuas
256 3411 291 3459 ita
310 3409 333 3458 0
449 3429 464 3471 4
481 3413 565 3461 liberti
584 3413 711 3461 Corradus
811 3415 841 3461 16
857 3414 970 3463 atrocior
988 3414 1091 3462 Fn'ller:
1107 3415 1153 3463 ad·

150 3477 239 3525 hortor
251 3474 273 3522 L
285 3494 290 3524 :
307 3477 425 3538 asperior
437 3477 554 3527 Martha:
572 3480 705 3527 ardentior
713 3478 847 3539 Corradus,
860 3479 905 3527 atii
914 3480 964 3527 αἱία
974 3485 1155 3543 temptaverunt

149 3558 181 3604 27
199 3543 241 3591 alii
253 3541 310 3592 add.
324 3542 458 3593 Manutius
556 3559 589 3605 30
606 3544 632 3593 id
644 3546 715 3606 quod
727 3545 819 3593 maluit
829 3544 973 3595 Lambinus
