2588 4178
356 200 644 262 PARTITIONES
671 201 925 262 ORATORIAE
1096 200 1199 276 36123

138 365 310 444 ceptionem
331 365 501 428 incohatam
522 367 677 427 habebunt
699 366 729 426 in
754 365 862 427 animis
885 366 914 428 ei
934 367 985 445 qui
1005 368 1139 443 audient,

139 464 234 542 magis
257 476 288 525 et
309 464 431 543 propius
454 463 621 539 accesserit,
642 463 668 525 is
691 463 791 524 vincat
812 484 936 526 necesse
963 478 1016 527 est.
1067 468 1138 527 Non

139 561 220 623 enim
234 564 471 640 argumentando
484 574 625 623 tractatur
637 564 697 623 hoc
709 583 812 641 genus,
822 565 876 624 sed
887 575 1040 642 tamquam
1051 564 1139 642 expli·
1153 588 1202 639 ¹²4

139 661 241 720 cando
257 659 496 739 excutiendoque
512 661 614 735 verbo,
628 672 669 734 ut,
687 660 712 720 si
731 659 762 720 in
783 681 835 722 reo
855 662 983 739 pecunia
1000 663 1139 723 absoluto

110 783 125 835 5
139 777 299 835 rursusque
315 769 453 818 revocato
467 757 748 836 praevaricationem
766 771 922 820 accusator
937 779 1003 821 esse
1016 760 1140 820 definiat

139 874 262 916 omnem
287 854 379 916 iudici
405 858 602 934 corruptelam
629 856 669 916 ab
693 876 753 929 reo,
777 858 916 917 defensor
948 869 1050 918 autem
1077 877 1139 917 non

138 972 271 1025 omnem,
287 954 340 1014 sed
359 964 475 1013 tantum
494 954 587 1014 modo
607 953 787 1014 accusatoris
808 956 1005 1032 corruptelam
1025 955 1065 1015 ab
1078 974 1140 1029 τεο,

139 1049 183 1110 sit.
196 1070 267 1128 ergo
284 1052 360 1110 haec
380 1050 533 1112 contentio
552 1051 682 1129 primum
695 1052 862 1125 verborum,
877 1051 907 1111 in
922 1071 992 1128 quo,
1007 1051 1098 1112 etiarn
1115 1051 1140 1111 si

138 1147 262 1226 propius
288 1149 413 1209 accedat
435 1150 475 1210 ad
488 1148 748 1226 ¹consuetudinem
763 1147 968 1226 'mentemque
995 1148 1141 1209 sermonis

96 1271 127 1320 ro
139 1245 305 1307 defensoris
318 1246 462 1320 definitio,
477 1258 577 1308 tamen
594 1257 750 1308 accusator
765 1246 914 1324 sententia
924 1245 999 1325 legis
1013 1247 1123 1307 nitetur
1131 1268 1140 1321 ;

139 1353 229 1419 negat
249 1343 330 1403 enim
351 1343 470 1420 probari
490 1354 629 1422 oportere
654 1342 777 1421 eosqui
798 1345 878 1421 leges
902 1342 1080 1425 scripserint,
1101 1363 1140 1404 ne
1155 1360 1201 1410 125

139 1451 236 1500 ratum
254 1439 412 1514 haberetur
425 1439 578 1514 iudicium,
594 1440 619 1500 si
633 1451 730 1501 totum
744 1451 915 1518 corruptum
931 1438 1007 1522 [sit],
1024 1440 1048 1500 si
1063 1460 1140 1500 unus

140 1548 296 1598 accusator
319 1548 474 1614 corruptus
498 1537 552 1612 sit,
568 1558 630 1598 non
654 1537 840 1611 rescindere3
867 1536 971 1597 nititur
991 1529 1155 1616 aequitate.

140 1635 267 1695 utilitate
278 1634 363 1712 quasi
377 1635 535 1696 scribenda
548 1638 595 1696 lex
608 1634 656 1710 sit,
665 1655 803 1713 quaeque
816 1646 880 1695 tum
894 1638 1141 1721 complecteretur

85 1759 126 1811 r5
141 1732 172 1793 in
186 1727 303 1792 iudiciis
320 1720 476 1810 corruptis,
491 1753 528 1793 ea
543 1733 635 1794 verbo
656 1752 718 1792 uno
734 1731 991 1810 praevaricationis
1008 1752 1141 1810 compre-

141 1829 281 1890 hendisse
309 1829 382 1890 dicit
393 1852 402 1904 3
435 1831 575 1891 defensor
602 1841 704 1890 autem
732 1841 859 1910 testatur
889 1830 1138 1917 consuetudinem
1154 1834 1202 1886 126
1249 1904 1251 1908 λ

139 1927 286 1992 sermonis
304 1927 447 2006 verbique
466 1928 527 1988 vim
545 1949 582 1989 ex
600 1928 748 1989 contrario
766 1927 872 2006 repetit
890 1917 975 2006 quasi
995 1948 1140 1989 converso

139 2014 321 2099 accusatore,
339 2025 388 2085 cui
408 2026 588 2087 contrarium
606 2038 652 2087 est
668 2033 779 2096 nomen
795 2025 1046 2104 praevaricatoris,
1057 2038 1088 2086 et
1104 2046 1141 2086 ex

141 2123 403 2201 consequentibus,
427 2126 509 2201 quod
531 2145 567 2184 ea
588 2124 685 2184 littera
706 2125 746 2184 de
768 2135 940 2184 accusatore
961 2126 1055 2184 soleat
1076 2122 1158 2187 daris

97 2239 129 2275 πο
142 2220 243 2294 iudici,
258 2232 288 2281 et
307 2241 343 2281 ex
363 2221 487 2282 nomine
504 2220 578 2299 ipso,
594 2222 679 2299 quod
696 2220 841 2299 significat
859 2241 930 2281 eum
951 2220 1051 2298 quiin
1071 2240 1141 2280 eon-

142 2317 236 2379 trariis
258 2317 355 2378 causis
376 2317 461 2395 quasi
485 2338 554 2378 vare
575 2317 689 2395 positus
713 2337 778 2378 esse
800 2317 941 2378 videatur.
988 2319 1048 2378 Sed
1070 2317 1141 2377 huic

142 2411 243 2475 tamen
260 2413 317 2492 ipsi
330 2414 566 2492 ,confugiendum
586 2429 631 2474 est
647 2415 687 2475 ad
705 2413 861 2491 aequitatis
878 2414 969 2486 locos,
984 2415 1024 2474 ad
1043 2433 1139 2474 rerum

141 2512 338 2572 iudicatarum
356 2511 570 2584 auctoritatem,
585 2513 625 2572 ad
644 2513 734 2572 finem
753 2510 884 2588 aliquem
901 2511 1023 2589 periculi
1033 2534 1042 2586 ;
1061 2531 1141 2572 com-

122 2628 294 2686 muneque
322 2608 359 2668 sit
383 2612 441 2670 hoc
465 2622 665 2688 praeceptum,
689 2621 723 2669 ut
745 2629 814 2669 cum
843 2619 967 2686 uterque
994 2607 1141 2668 definierit

98 2733 128 2783 ²5
143 2728 233 2786 quam
249 2707 377 2767 maxime
387 2709 515 2786 potuerit
529 2711 568 2769 ad
579 2728 771 2768 communem
786 2727 907 2767 sensum
917 2707 1040 2784 vimque⁴
1048 2708 1141 2783 verbi,

142 2818 207 2866 tum
228 2804 374 2865 similibus
392 2805 594 2884 exemplisque
615 2825 718 2866 eorum
740 2803 792 2882 qui
807 2803 849 2863 ita
869 2803 960 2864 locuti
977 2802 1035 2871 sint
1055 2823 1140 2863 suam

176 2977 191 3025 5
209 2962 439 3024 praevaricatorem
452 2962 478 3011 P
539 2965 556 3011 6
572 2961 711 3024 perfectam
724 2961 814 3010 abrec
829 2961 870 3010 P:
888 2959 1026 3022 prolectam
1038 2960 1069 3008 ab
1081 2975 1113 3008 eo
1121 2968 1141 3023 p

142 3028 284 3091 Optimum
295 3028 334 3075 P:
351 3028 433 3088 prima
445 3027 511 3076 codd.
521 3027 577 3076 dart.
664 3043 714 3089 qua
724 3026 791 3075 codd.
803 3025 858 3074 deu.
974 3041 991 3086 9
1007 3026 1106 3073 accedit
1118 3025 1144 3074 P

146 3109 176 3142 ιο
193 3095 290 3142 nitetur
305 3092 345 3142 P:
364 3098 451 3141 utetur
467 3093 506 3140 vel
520 3093 610 3141 nititur
628 3092 696 3141 codd.
709 3092 765 3141 dett.
895 3104 925 3138 12
942 3097 1024 3139 ratum
1045 3091 1141 3139 habere

142 3158 210 3208 codd.
222 3159 279 3207 dell.
402 3158 436 3206 sit
448 3157 492 3206 del.
506 3157 606 3221 Sauppe
742 3155 869 3218 iudicium,
884 3157 906 3204 si
922 3171 988 3203 unus
1005 3163 1142 3204 accusator

143 3233 281 3286 corruptus
296 3223 338 3284 sit,
352 3223 374 3270 si
386 3229 468 3270 totum
482 3230 628 3286 corruptum
645 3223 687 3284 sit,
701 3237 752 3270 non
764 3221 876 3270 voluisse
890 3221 1038 3270 rescindere
1050 3221 1143 3269 maluit

141 3289 221 3338 Reid:
243 3290 264 3338 si
285 3296 366 3338 totum
386 3295 531 3350 corruptum
551 3290 655 3337 sitnon
676 3288 832 3349 rescindere,
859 3285 1006 3335 rescindere
1028 3287 1051 3334 si
1073 3301 1141 3334 unus

142 3361 276 3405 accusator
294 3360 431 3416 corruptus
451 3355 485 3402 sit
502 3353 647 3402 Summers.
688 3353 770 3401 Locus
783 3353 873 3415 procul
890 3350 963 3399 dubio
982 3351 1142 3398 conturbatus

144 3435 175 3481 13
189 3435 240 3468 non
252 3427 387 3482 corruptus
398 3418 507 3480 Kayser:
524 3435 578 3468 non
590 3435 641 3468 om.
653 3419 721 3481 vulg.
760 3418 849 3466 nititur
859 3416 1038 3479 igiturPidm't
1110 3429 1140 3476 14

141 3486 215 3548 quasi
226 3485 314 3534 codd:
330 3500 346 3533 e
363 3500 412 3546 qua
424 3484 536 3546 Kayser:
554 3483 697 3546 aequasiP
746 3482 882 3546 quaque?
923 3491 976 3530 tum
996 3480 1038 3529 P:
1054 3486 1140 3528 tamen

141 3549 208 3600 codd.
229 3550 284 3601 dett.
347 3563 376 3611 15
394 3549 420 3597 in
438 3549 631 3599 iudiciiscodd.:
650 3549 749 3615 iudiciis
757 3547 860 3612 Sauppe
922 3545 1140 3608 rqconversol':

141 3631 177 3665 ex
187 3632 248 3665 vero
259 3615 327 3679 vulg.
393 3630 422 3664 ar
442 3631 502 3664 vare
512 3616 620 3664 Gesner:
636 3614 705 3663 varie
716 3613 784 3663 codd.
