2588 4178
538 205 704 266 BRVTVS
1107 219 1128 280 4
1145 213 1175 264 ro

124 371 194 448 Ego
207 380 308 430 autern
323 371 508 431 voluntatem
522 370 577 432 tibi
592 372 727 449 profecto
741 370 871 444 emetiar,
887 371 940 431 sed
955 390 1017 431 rem
1033 369 1128 449 ipsam
1144 377 1174 428 ro

122 468 264 528 nondum
283 488 372 546 posse
390 467 493 529 videor
503 491 512 547 3
533 468 625 547 idque
645 481 678 529 ut
696 468 842 546 ignoscas,
857 488 876 528 a
893 480 922 529 te
940 479 1018 546 peto.
1063 470 1129 530 Nec

122 565 206 625 enim
229 586 265 626 ex
286 565 380 639 novis,
397 578 429 626 ut
450 566 597 645 agricolae
617 569 724 640 solent,
740 566 884 627 fructibus
904 579 957 640 est,
974 568 1055 627 unde
1074 567 1128 627 tibi

122 664 250 723 reddam
265 665 348 741 quod
362 664 550 742 accepi-sic
565 664 665 726 omnis
683 666 761 724 setus
778 683 928 742 repressus
942 673 985 723 cst
997 676 1129 725 exustus-

92 787 107 836 5
123 781 186 838 que
204 761 253 821 siti
274 763 329 822 flos
349 763 455 822 veteris
473 761 615 824 ubertatis
633 761 844 823 exaruit-nec
865 781 901 822 ex
922 761 1063 836 conditis,
1076 762 1128 839 qui

122 857 224 918 iacent
238 858 269 918 in
284 859 415 920 tenebris
429 861 512 921 etad
526 880 603 938 quos
618 859 717 920 omnis
734 858 823 919 nobis
839 859 946 931 aditus,
964 859 1016 937 qui
1032 879 1128 937 paene

122 956 196 1016 solis
211 956 315 1033 patuit,
326 957 497 1018 obstructus
507 969 561 1018 est
594 959 734 1018 Seremus
747 955 836 1033 igitur
849 956 962 1033 aliquid
974 969 1128 1034 tamquam

121 1052 154 1112 in
169 1053 285 1114 inculto
298 1066 329 1114 et
342 1054 486 1115 derelicto
499 1056 584 1128 solo;
604 1056 687 1132 quod
705 1055 746 1114 ita
764 1053 921 1131 diligenter
937 1056 1079 1127 colemus,
1096 1066 1128 1114 ut

122 1146 286 1227 impendiis
307 1151 398 1211 etiam
422 1171 530 1229 augere
554 1151 704 1229 possimus
729 1150 892 1229 largitatem
915 1151 958 1211 tui
980 1150 1128 1212 muneris:

75 1274 108 1310 10
122 1249 219 1308 modo
241 1248 323 1308 idern
345 1260 447 1309 noster
467 1248 585 1309 animus
608 1249 724 1310 efficere
751 1248 846 1326 possit
869 1250 952 1326 quod
976 1269 1053 1326 ager,
1075 1247 1128 1326 qui

121 1341 329 1406 cum'multos
352 1364 449 1406 annos
474 1345 594 1423 quievit,
616 1345 768 1407 uberiores
792 1347 895 1406 efferre
919 1347 1016 1423 fruges
1041 1347 1125 1406 solet.

121 1444 204 1502 Turn
226 1443 293 1503 ille:
317 1445 383 1521 Ego
403 1462 474 1503 vero
494 1455 525 1503 et
545 1443 726 1521 exspectabo
747 1462 879 1520 eaquae
895 1442 1051 1521 polliceris,
1070 1463 1126 1504 nec
1143 1463 1172 1520 ¹⁷

121 1541 239 1618 exigam
254 1539 312 1602 nisi
323 1552 377 1601 tuo
390 1542 554 1602 commodo
567 1553 598 1601 et
612 1553 699 1602 erunt
714 1540 788 1601 mihi
802 1552 943 1619 pergrato,
956 1540 980 1601 si
995 1540 1125 1601 solveris

123 1638 203 1698 Mihi
220 1623 352 1716 quoque,
368 1637 465 1716 inquit
485 1641 603 1712 Brutus,
620 1635 676 1720 [et]
691 1641 892 1716 exspectanda
909 1650 978 1699 sunt
997 1657 1127 1716 eaquae

76 1756 107 1805 15
121 1736 227 1796 Attico
251 1735 407 1814 polliceris,
430 1735 486 1796 etsi
510 1738 634 1797 sortasse
658 1755 715 1813 ego
744 1747 813 1796 ate
834 1735 922 1795 huius
943 1736 1127 1795 voluntarius

121 1846 298 1912 procurator
314 1845 423 1911 petam,
440 1835 523 1911 quod
543 1833 614 1912 ipse,
631 1833 680 1894 cui
699 1833 802 1906 debes,
817 1833 1013 1893 incommodo
1030 1853 1060 1892 se
1077 1842 1128 1892 tuo

121 1943 297 1991 exacturum
320 1942 416 2008 negat
461 1934 501 1991 At
522 1951 600 2005 vero,
624 1930 756 2009 inquam,
779 1929 834 1990 tibi
855 1949 919 2007 ego,
942 1933 1040 2002 Brute,
1063 1913 1158 1990 non⁵

121 2028 245 2101 solvam,
263 2026 320 2088 nisi
334 2026 415 2105 prius
429 2048 448 2088 a
461 2040 492 2091 te
505 2048 612 2090 cavero
626 2027 754 2106 amplius
773 2047 811 2088 eo
826 2027 948 2088 nomine
962 2027 1122 2100 neminem,
1142 1991 1169 2040 ¹⁸

120 2124 208 2184 cuius
219 2124 324 2210 petitio
338 2124 384 2198 sit,
395 2125 565 2216 petiturum.
608 2127 681 2186 Non
696 2126 885 2197 mehercule,
898 2123 1002 2202 inquit,
1016 2123 1069 2184 tibi
1084 2145 1127 2186 re-

75 2245 107 2281 ιο
121 2222 296 2300 promittere
307 2221 384 2283 istuc
395 2222 517 2300 quidem
529 2222 634 2284 ausim.
671 2225 752 2283 Nam
763 2223 853 2294 hunc,
865 2222 917 2298 qui
928 2234 1025 2299 negat,
1037 2223 1126 2283 video

119 2318 318 2396 flagitatorem
333 2339 396 2380 non
410 2319 494 2380 illum
509 2319 631 2398 quidem
646 2319 701 2381 tibi
716 2322 884 2392 molestum,
897 2321 951 2379 sed
965 2318 1125 2378 adsiduum

119 2429 224 2476 tamen
243 2427 273 2477 et
289 2436 389 2478 acrem
406 2419 477 2478 sore.
520 2419 599 2477 Tum
615 2416 820 2495 Pomponius:
842 2419 907 2494 Ego
924 2434 1002 2488 vero,
1019 2414 1126 2492 inquit,

119 2512 250 2574 Brutum
269 2514 344 2575 nihil
365 2509 587 2594 mentiri'puto.
610 2515 744 2576 ·Videor
764 2515 845 2575 enim
869 2514 927 2574 iam
951 2526 980 2573 te
1000 2532 1125 2573 ausurus

118 2631 187 2672 esse
214 2614 372 2690 appellare,
402 2611 545 2690 quoniam
574 2614 665 2689 longo
692 2611 847 2672 intervallo
875 2611 968 2670 modo
995 2609 1124 2686 primum

74 2733 103 2780 ²5
117 2709 318 2769 animadverti
333 2711 423 2788 paulo
438 2720 467 2769 te
481 2708 658 2770 hilariorem.
699 2711 806 2786 Itaque
820 2707 962 2786 quoniam
977 2706 1027 2766 hic
1041 2707 1124 2783 quod
1140 2731 1171 2784 ¹9

118 2805 196 2866 mihi
210 2807 369 2868 deberetur
383 2826 415 2867 se
428 2818 601 2867 exacturum
615 2804 766 2885 proie'ssus
780 2817 833 2878 est,
849 2805 932 2882 quod
947 2803 1016 2864 huic
1031 2804 1124 2865 debes

117 2925 177 2982 ego
192 2924 211 2964 a
224 2916 254 2965 te
269 2916 348 2983 peto.
392 2903 548 2979 Quidnam
568 2904 625 2964 id?
645 2903 778 2981 inquam.
821 2905 862 2961 Vt
881 2902 1001 2974 scribas,
1018 2901 1123 2978 inquit,

115 3001 253 3080 aliquid3
275 3002 335 3062 iam
350 3000 467 3080 pridem
482 3001 563 3062 enim
578 3000 788 3062 conticuerunt
802 3013 870 3060 tuae
886 2999 1006 3060 litterae.
1045 3001 1123 3058 Nam

117 3112 153 3160 ut
172 3101 239 3159 illos
256 3100 296 3160 de
312 3119 344 3160 re
361 3097 484 3177 publica
502 3098 593 3160 libros
611 3097 742 3172 edidisti,
758 3097 865 3157 nihila
882 3109 911 3158 te
930 3116 1001 3157 sane
1021 3108 1125 3174 postea

154 3269 166 3302 1
186 3252 341 3314 emetiarL:
359 3252 554 3316 remetiaroulg.
601 3268 616 3313 4
634 3260 674 3302 est
686 3251 859 3319 addrds'tBake
903 3267 918 3312 5
936 3252 977 3300 siti
988 3252 1034 3300 ssos
1045 3252 1123 3299 Lam-

115 3320 211 3368 binus:
223 3321 271 3369 ilos
283 3319 325 3368 siti
335 3318 359 3368 1.
427 3334 454 3368 11
469 3334 526 3367 cum
538 3319 606 3382 vulg.
615 3337 621 3367 :
632 3334 707 3380 quam
717 3318 743 3365 F
741 3316 861 3366 OMB¹H
865 3317 870 3344 ¹
881 3323 949 3366 vetris
959 3335 964 3364 :
976 3333 1038 3378 sepe
1047 3313 1125 3362 BHG

119 3400 150 3446 ¹4
168 3392 195 3434 et
206 3385 259 3435 secl.
271 3385 353 3448 vulga:
369 3389 474 3434 tuentur
482 3383 614 3432 Fleckeisen
628 3389 651 3431 et
661 3383 783 3431 Fn'edn'ch
875 3384 904 3430 16
920 3383 1083 3430 incommodo
1095 3394 1123 3427 se

115 3458 165 3499 tuo
176 3449 319 3499 Eberhard:
336 3450 499 3499 incommodo
517 3449 558 3498 L:
574 3464 604 3498 se
615 3449 778 3498 incommodo
790 3455 835 3497 tuo
852 3447 992 3496 Lambinus
1090 3459 1123 3494 ao

113 3515 200 3565 ausim
214 3514 264 3565 6²:
280 3530 358 3566 ausus
372 3515 421 3565 sim
432 3513 501 3566 codd.
