2588 4178
135 212 177 275 59
190 224 237 275 ²¹5
442 205 485 263 M.
509 203 636 263 TVLLI
656 203 889 265 CICERONIS

188 370 307 446 Crasso,
321 373 469 448 quaedam
488 371 578 432 etiam
598 370 749 449 superiora
758 393 767 446 ;
786 382 818 431 at
837 368 936 433 Crassi
957 368 1052 449 magis
1071 363 1187 432 nitebat

187 467 289 529 oratio.
332 471 399 530 Nec
417 490 487 531 vero
506 469 639 548 Sulpicio
658 489 758 548 neque
777 471 885 532 Cottae
905 468 1005 530 dicere
1025 487 1186 546 possumus

187 586 285 644 neque
308 565 449 644 cuiquam
472 568 556 629 bono
577 567 686 629 oratori
709 587 771 628 rem
796 569 888 628 ullam
911 587 948 628 ex
972 565 1029 627 illis
1051 565 1186 645 quinque

126 673 173 726 κισ
186 664 319 742 partibus
338 666 426 742 plane
443 676 535 743 atque
555 665 680 728 omnino
698 664 837 726 defuisse.
881 665 988 742 Itaque
1006 663 1039 724 in
1053 663 1186 726 Curione

187 762 245 822 hoc
259 761 410 824 verissime
428 761 552 824 iudicari
570 773 677 841 potest,
693 765 774 822 nulla
794 781 826 824 re
843 781 903 822 una
921 760 1015 840 magis
1036 772 1212 830 oratorem5

186 859 391 920 commendari
401 879 492 937 quam
502 861 660 920 verborum
674 861 833 938 splendore
847 870 877 920 et
890 858 985 937 copia
1019 860 1100 920 Nam
1114 879 1185 920 cum

131 955 175 1016 60
188 958 288 1018 tardus
303 957 334 1016 in
344 957 505 1035 cogitando
516 969 580 1018 tum
591 956 622 1018 in
636 959 778 1019 struendo
789 955 949 1035 dissipatus
959 955 1022 1017 fuit
1056 955 1185 1035 Reliqua

187 1056 248 1122 duo
269 1067 347 1128 sunt,
366 1075 453 1133 agere
474 1066 504 1117 et
524 1054 712 1116 meminisse:
734 1053 766 1114 in
786 1047 913 1132 utroque
933 1052 1097 1116 cachinnos
1118 1053 1186 1114 inri-

185 1151 321 1212 dentium
342 1153 560 1215 commovebat
605 1155 708 1214 Motus
729 1163 791 1213 erat
810 1151 844 1225 is,
867 1171 958 1230 quem
979 1162 1010 1212 et
1030 1152 1066 1215 C.
1089 1151 1184 1213 Iulius

185 1248 216 1309 in
231 1261 407 1329 perpetuum
426 1249 547 1323 notavit,
563 1270 632 1311 cum
651 1271 689 1312 ex
707 1270 744 1312 eo
760 1249 791 1310 in
811 1260 968 1327 utramque
986 1259 1101 1328 partem
1119 1259 1185 1311 toto
1199 1268 1229 1304 10

184 1366 308 1425 corpore
335 1346 491 1408 vacillante
517 1346 663 1424 quaesivit
689 1346 757 1426 quis
783 1348 954 1424 loqueretur
980 1365 997 1408 e
1024 1347 1130 1421 luntre,
1155 1358 1186 1408 et

185 1445 240 1507 Cn.
251 1444 380 1506 Sicinius
390 1446 483 1505 homo
496 1444 638 1522 impurus,
648 1446 702 1506 sed
711 1446 878 1506 admodum
891 1432 1184 1522 ridiculusftneque

124 1555 171 1611 217
184 1541 265 1604 aliud
278 1542 319 1603 ‘in
342 1563 380 1604 eo
404 1541 528 1604 oratoris
554 1542 661 1604 simile*
677 1542 847 1621 quicquam
891 1543 922 1602 Is
949 1560 1020 1603 cum
1047 1540 1184 1602 tribunus

184 1641 280 1717 plebis
291 1641 454 1719 Curionem
468 1652 498 1702 et
509 1640 668 1703 Octavium
681 1642 819 1701 consules
833 1637 1021 1718 produxisset
1031 1637 1184 1719 Curioque

185 1740 278 1798 multa
298 1737 420 1799 dixisset
440 1741 563 1800 sedente
576 1739 640 1802 Cn.
657 1737 784 1800 Octavio
804 1739 937 1815 conlega,
953 1735 1005 1814 qui
1024 1735 1183 1797 devinctus
1197 1761 1227 1814 15

184 1848 246 1896 erat
260 1836 357 1897 fasciis
371 1848 401 1896 et
414 1836 515 1896 multis
530 1835 756 1898 medicamentis
775 1845 895 1914 propter
909 1835 1044 1896 dolorem
1063 1845 1183 1896 artuum

183 1932 342 2008 delibutus,
357 1936 556 2012 ‘numquam’
570 1933 674 2012 inquit,
690 1932 823 2008 ‘Octavi
836 1933 979 2010 conlegae
992 1942 1045 1993 tuo
1058 1930 1181 2010 gratiam

183 2032 307 2093 referes:
337 2031 389 2110 qui
413 2031 471 2092 nisi
497 2051 530 2094 se
558 2052 613 2092 suo
637 2052 721 2093 more
748 2030 923 2105 iactavisset,
946 2028 1038 2092 hodie
1062 2040 1092 2090 te
1115 2028 1183 2091 istic

81 2140 83 2145 ’
183 2149 304 2192 muscae
327 2129 546 2190 comedissent.¹
589 2129 737 2190 Memoria
763 2141 873 2189 autem.
888 2128 930 2188 ita
952 2127 1008 2188 fuit
1034 2128 1124 2202 nulla,
1148 2139 1183 2188 ut

181 2227 368 2305 aliquotiens,
384 2226 521 2287 triacum
541 2227 752 2306 proposuisset,
767 2238 819 2287 aut
833 2237 970 2304 quartum
987 2226 1111 2287 adderet
1128 2237 1182 2286 aut
1196 2250 1228 2287 ao

182 2325 301 2386 tertium
317 2336 470 2403 quaereret
479 2346 488 2399 3
508 2324 610 2402 quiin
627 2325 740 2387 iudicio
757 2324 872 2403 privato
890 2326 938 2384 vel
957 2323 1095 2397 maximo,
1110 2343 1182 2385 curn

182 2442 237 2501 ego
251 2443 306 2501 pro
320 2422 431 2483 Titinia
445 2424 553 2485 Cottae
568 2422 789 2501 peroravissem,
806 2422 855 2483 ille
869 2432 973 2482 contra
987 2441 1036 2481 me
1049 2441 1104 2498 pro
1118 2422 1179 2482 Ser.

182 2521 298 2582 Naevio
312 2521 431 2593 diceret,
447 2519 547 2581 subito
561 2532 655 2581 totam
669 2541 790 2582 causam
805 2519 915 2581 oblitus
929 2530 975 2581 est
988 2518 1081 2597 idque
1094 2539 1183 2580 vene-

119 2623 169 2674 218
182 2618 256 2679 ficiis
276 2629 307 2679 et
327 2617 516 2678 cantionibus
531 2617 660 2679 Titiniae
680 2620 792 2679 factum
811 2637 877 2678 esse
895 2616 1023 2679 dicebat.
1068 2618 1181 2695 Magna

181 2718 255 2777 haec
269 2714 452 2776 immemoris
466 2715 566 2793 ingeni
581 2715 684 2793 signa3
705 2718 759 2777 sed
773 2715 848 2775 nihil
862 2713 976 2792 turpius
990 2733 1080 2792 quam
1095 2716 1179 2791 quod
1195 2738 1225 2788 ²⁵

180 2812 270 2874 etiam
287 2813 318 2872 in
339 2812 455 2891 scriptis
476 2812 705 2875 obliviscebatur
726 2812 799 2891 quid
820 2814 910 2890 paulo
931 2823 1000 2872 ante
1021 2810 1179 2888 posuisset,

180 2923 213 2971 ut
226 2910 257 2970 in
272 2930 309 2972 eo
328 2910 412 2984 libro,
429 2910 481 2971 ubi
502 2931 534 2973 se
551 2922 709 2973 exeuntem
724 2932 741 2972 e
756 2921 861 2972 senatu
878 2921 909 2970 et
927 2929 996 2971 cum
1012 2911 1110 2969 Pansa
1128 2929 1181 2971 no

180 3020 240 3069 stro
255 3019 366 3069 etcum
383 3008 514 3070 Curione
528 3009 589 3070 filio
604 3011 838 3087 conloquentem
855 3007 925 3068 facit
940 3005 1022 3088 [cum
1042 3019 1179 3067 senatum

180 3107 290 3168 Caesar
310 3108 414 3166 consul
434 3095 600 3187 habuisset]
614 3106 772 3184 omnisque
791 3106 840 3167 ille
857 3125 955 3165 sermo
974 3107 1082 3165 ductus
1101 3112 1180 3166 este

213 3276 261 3321 2-4
279 3259 328 3310 nec
340 3276 400 3310 vero
412 3295 418 3309 .
432 3296 457 3311 ..
471 3261 583 3309 defuisse
593 3261 647 3310 secl.
661 3260 791 3310 Eberhard
887 3274 901 3320 7
919 3258 944 3308 in
957 3259 1082 3308 struendo
1094 3259 1132 3308 F:
1152 3258 1179 3307 in

180 3326 332 3375 instruendo
345 3325 367 3375 C
470 3323 508 3374 11'
517 3325 574 3388 quis
584 3324 608 3373 L
619 3331 642 3374 et
652 3327 774 3388 Quintil:
791 3325 852 3387 quid
867 3325 960 3388 Campe
1032 3324 1181 3386 loqueretur

179 3392 263 3455 vulgr.:
290 3391 410 3452 loquetur
428 3389 452 3438 L
583 3391 684 3441 eluntre
695 3390 792 3440 FMG:
817 3391 928 3440 elintre
947 3388 997 3440 0¹:
1014 3387 1178 3439 cluntreO¹=

180 3457 213 3506 eli
225 3457 292 3505 intre
303 3455 369 3506 BH:
387 3456 414 3504 in
426 3456 510 3504 luntre
523 3455 628 3518 Quintil.
731 3472 768 3519 ra,
776 3477 777 3480 ¹
785 3471 814 3517 13
827 3471 927 3517 neque.
941 3492 948 3504 .
961 3491 967 3505 .
981 3456 1116 3517 quicquam
1124 3455 1180 3507 srcl.

178 3523 276 3584 Kayser
338 3524 370 3569 26
387 3521 581 3571 oblivisceretur
596 3521 731 3570 Manutius
814 3524 855 3582 28,
868 3537 900 3582 29
917 3537 974 3570 cum
986 3557 992 3571 .
1006 3557 1013 3570 .
1027 3557 1034 3571 .
1047 3519 1180 3570 habuisset

177 3589 229 3636 secl.
248 3587 347 3636 Ernesti
481 3602 514 3649 29
530 3589 622 3638 ductus
640 3595 681 3638 est
699 3586 791 3636 Orelli:
816 3587 908 3636 ductus
926 3586 996 3636 esset
1019 3584 1180 3635 Lambinus:

178 3654 270 3704 ductus
281 3651 321 3701 L:
339 3652 440 3703 ducitur
449 3653 516 3717 vulg.
