2588 4178
561 217 725 276 Brvrvs
1107 229 1141 288 14
1155 243 1186 292 ,4

138 406 273 464 eumque
296 399 439 458 montem,
464 386 516 462 qui
541 386 630 444 Sacer
656 385 823 461 appellatus
847 395 900 453 est,
927 383 1140 459 occupavisset,

141 487 187 543 M.
204 484 357 544 Valerium
372 483 548 544 dictatorern
567 483 697 542 dicendo
712 480 861 541 sedavisse
875 479 1039 540 discordias
1054 480 1141 556 eique

134 583 183 641 *ob
202 601 268 641 eam
288 601 351 641 rern
371 583 501 641 honores
519 579 718 655 amplissimos
738 578 857 638 habitos
874 590 904 638 et
923 598 991 638 eum
1012 578 1140 656 primurn

141 680 184 739 ob
209 699 276 738 earn
300 678 396 755 ipsam
422 698 544 738 causam
570 676 736 737 Maximum
761 695 826 736 esse
850 678 1040 753 appellatum.
1094 677 1141 735 Ne

111 804 126 851 5
143 779 176 835 L.
193 775 345 836 Valerium
361 775 483 853 quidem
500 774 631 835 Potitum
651 773 777 833 arbitror
795 794 856 833 non
876 773 989 851 aliquid
1010 774 1141 850 potuisse

141 873 282 946 dicend0,
298 872 349 951 qui
369 884 437 950 post
456 872 683 933 decemviralem
704 871 845 932 invidiam
863 872 982 948 plebem
998 871 1028 929 in
1044 883 1142 949 patres

141 971 296 1031 incitatam
311 970 425 1048 legibus
437 981 467 1030 et
481 969 671 1030 contionibus
683 968 744 1028 suis
759 968 941 1045 mitigaverit.
979 971 1141 1028 Possumus
1155 991 1186 1040 55

141 1067 276 1145 Appium
292 1067 452 1128 Claudium
468 1065 610 1143 suspicari
624 1065 776 1137 disertum,
787 1064 857 1141 quia
870 1077 1006 1124 senatum
1022 1065 1141 1124 iamiam

141 1164 318 1224 inclinatum
339 1186 359 1224 a
377 1165 480 1242 Pyrrhi
501 1184 575 1242 pace
596 1161 794 1235 revocaverit,
816 1182 975 1239 possumus
993 1164 1027 1222 C.
1045 1162 1142 1222 Fabri·

97 1262 233 1335 iccium,
249 1263 320 1338 quia
333 1262 370 1322 sit
389 1264 428 1322 ad
444 1263 587 1339 Pyrrhum
608 1263 646 1321 de
666 1259 789 1336 captivis
809 1259 1017 1336 recuperandis
1036 1259 1142 1318 missus

142 1371 261 1432 orator,
282 1359 328 1418 Ti.
339 1359 571 1431 Coruncanium,
582 1359 664 1435 quod
680 1378 716 1417 ex
730 1357 906 1434 pontificum
922 1355 1142 1416 commentariis

142 1460 233 1534 longe
260 1456 419 1532 plurimum
448 1457 568 1533 ingenio
593 1456 720 1515 valuisse
744 1455 898 1528 videatur;
932 1456 983 1512 Μ’.
1008 1453 1140 1524 Curium,

142 1555 227 1631 quod
255 1554 279 1613 is
307 1554 443 1614 tribunus
474 1553 569 1631 plebis
600 1553 744 1629 interrege
772 1552 872 1629 Appio
900 1553 1001 1612 Caeco
1029 1551 1140 1610 diserto

143 1651 268 1711 homine
289 1651 409 1711 comitia
430 1663 533 1711 contra
554 1653 633 1728 leges
655 1652 793 1722 habente,
814 1670 882 1709 curn
904 1652 942 1709 de
963 1650 1052 1726 plebe
1073 1669 1142 1708 con·

101 1777 130 1826 15
144 1750 241 1808 sulem
263 1769 324 1808 non
345 1748 519 1825 accipiebat,
542 1760 639 1825 patres
660 1759 729 1807 ante
750 1760 886 1807 auctores
908 1747 970 1806 fieri
995 1746 1141 1824 coegerit:

144 1847 229 1922 quod
253 1845 307 1904 fuit
332 1865 526 1922 permagnum
552 1848 686 1905 nondum
711 1847 775 1921 lege
802 1844 923 1904 Maenia
948 1846 1013 1903 lata.
1057 1843 1141 1903 Licet
1156 1842 1188 1906 5⁶

144 1941 259 2019 aliquid
287 1942 376 2001 etiam
401 1945 440 2003 de
469 1945 512 2001 M.
540 1943 636 2020 Popili
664 1943 784 2019 ingenio
812 1941 963 2019 suspicari,
993 1941 1043 2018 qui
1072 1960 1141 2000 cum

144 2041 251 2100 consul
266 2052 343 2100 esset
362 2042 530 2117 eodemque
550 2051 683 2117 tempore
703 2040 879 2099 sacrificium
900 2039 1053 2116 publicum
1074 2059 1142 2098 curn

144 2141 232 2197 laena
252 2139 369 2209 faceret,
385 2139 467 2214 quod
489 2149 550 2197 erat
571 2140 680 2197 flamen
701 2136 905 2208 Carmentalis,
922 2136 1018 2212 plebei
1041 2147 1143 2195 contra

101 2263 132 2298 ιο
146 2247 244 2312 patres
272 2234 472 2294 concitatione
500 2246 529 2294 et
558 2235 705 2294 seditione
736 2234 879 2306 nuntiata,
909 2244 941 2292 ut
970 2243 1031 2292 erat
1059 2235 1144 2291 laena

146 2332 272 2392 amictus
288 2331 328 2391 ita
342 2332 422 2391 venit
436 2331 466 2390 in
482 2331 654 2391 contionem
676 2332 914 2407 seditionemque
933 2351 1001 2389 cum
1021 2329 1145 2388 auctori·

146 2442 207 2489 tate
229 2440 291 2487 tum
314 2429 446 2488 oratione
469 2427 590 2488 sedavit.
634 2431 693 2488 Sed
715 2449 766 2488 eos
788 2440 918 2488 oratores
940 2427 1059 2487 habitos
1080 2432 1145 2485 ess'e

145 2538 198 2586 aut
219 2526 428 2586 omninotum
450 2528 544 2586 ullum
566 2526 754 2603 eloquentiae
776 2526 941 2602 praemium
963 2525 1052 2584 luisse
1072 2522 1144 2582 nihil

147 2644 219 2684 sane
234 2624 307 2682 mihi
321 2624 426 2701 legisse
437 2624 557 2684 videor:
579 2636 694 2683 tantum
710 2626 802 2684 modo
814 2622 985 2683 coniectura
999 2624 1093 2682 ducor
1106 2622 1145 2680 ad

102 2750 133 2799 ²5
147 2721 370 2798 suspicandum.
415 2721 531 2781 Dicitur
550 2722 639 2781 etiam
654 2723 689 2782 C.
707 2721 879 2793 Flaminius,
896 2721 920 2780 is
938 2721 989 2797 qui
1010 2719 1145 2779 tribunus
1161 2733 1191 2790 57

147 2817 243 2894 plebis
266 2819 361 2893 legem
383 2819 422 2877 de
443 2837 513 2892 agro
528 2817 644 2876 Gallico
666 2827 695 2875 et
717 2816 828 2876 Piceno
849 2816 956 2875 viritim
978 2815 1146 2888 dividundo

148 2914 255 2985 tulerit,
279 2914 330 2991 qui
353 2916 458 2973 consul
479 2916 560 2990 apud
581 2917 823 2974 Trasumennum
845 2914 882 2973 sit
903 2914 1086 2985 interfectus,
1106 2915 1146 2974 ad

149 3014 295 3089 populum
310 3012 436 3072 valuisse
454 3012 592 3072 dicendo.
637 3014 675 3086 Q.
692 3013 781 3071 etiarn
797 3011 947 3070 Maximus
962 3013 1146 3071 Verrucosus

149 3120 247 3169 orator
270 3109 389 3168 habitus
412 3121 456 3169 est
479 3110 662 3186 temporibus
686 3108 742 3168 illis
765 3112 854 3184 etQ.
877 3110 1026 3179 Metellus,
1050 3107 1147 3185 isqui

105 3237 138 3284 5ο
151 3207 229 3266 bello
250 3206 364 3265 Punico
384 3209 516 3266 secundo
534 3227 610 3266 cum·
622 3208 654 3264 L.
671 3205 794 3265 Veturio
812 3206 938 3265 Philone
957 3207 1062 3265 consul
1082 3206 1145 3266 fuit.

183 3377 199 3421 9
217 3360 379 3408 inclinantem
394 3360 485 3408 maluit
493 3361 562 3409 Bake
629 3374 658 3407 12
677 3359 718 3408 Μ’.
734 3359 891 3408 Lambinus:
909 3359 942 3410 M.
957 3360 1148 3423 Letsr'cubr'que

153 3427 183 3471 16
201 3425 347 3488 suitvulg..:
364 3425 472 3474 sueritL
552 3441 582 3484 19
599 3425 672 3472 laena
688 3423 744 3471 BH
757 3425 917 3487 superscripta
934 3434 1006 3474 veste
1072 3442 1105 3474 ao
1122 3434 1147 3476 et

151 3490 277 3538 seditione
289 3491 340 3539 secl.
355 3490 452 3538 Ellendt
516 3505 556 3549 23,
569 3506 600 3549 24
620 3491 681 3539 mihi
693 3505 756 3538 sane
769 3488 832 3536 nihil
844 3489 944 3538 B'HM
1013 3505 1043 3550 27
1062 3491 1148 3541 tulerit

151 3557 248 3604 ...sit
269 3556 309 3606 L:
331 3556 498 3605 tulit...est
517 3554 611 3603 Schultz
692 3555 896 3604 Tarsumennum
913 3555 951 3616 L;
976 3555 1110 3618 cfiQuint.
1130 3557 1145 3607 i.

154 3635 177 3682 δι
198 3634 228 3682 ¹3
