2588 4178
546 199 710 259 BRVTVS
1107 212 1152 260 28

123 364 234 425 accidit
258 376 299 436 ut,
322 385 505 442 quamquam
531 378 629 426 essent
658 369 753 426 multo
781 366 874 443 magis
902 366 959 427 alia
986 370 1123 445 lugenda,

124 473 225 522 tamen
241 464 299 522 boc
318 464 487 523 doleremus
507 466 598 541 quod,
614 483 676 541 quo
691 475 825 542 tempore
843 477 925 524 aetas
944 477 1044 526 nostra
1063 485 1126 543 per·

123 561 227 619 functa
254 560 342 620 rebus
369 560 561 638 amplissimis
589 573 742 639 tamquam
768 561 798 621 in
821 574 940 641 portum
965 565 1125 640 confugere

123 659 248 717 deberet
276 677 337 717 non
370 658 493 719 inertiae
527 679 625 736 neque
655 659 797 732 desidiae,
827 662 881 720 sed
909 660 951 719 oti
980 661 1124 721 moderati

94 766 215 831 satque
238 755 364 828 honesti,
389 774 520 832 cumque
542 757 607 834 ipsa
631 756 726 817 oratio
749 757 806 816 iam
833 769 934 818 nostra
956 769 1126 819 canesceret

124 853 309 930 haberetque
330 873 414 913 suam
435 855 586 931 quandam
610 854 810 915 maturitatem
832 867 862 915 et
884 857 969 933 quasi
991 869 1126 917 senectu-

123 962 195 1021 tem,
216 961 280 1009 tum
300 970 383 1009 arma
405 962 474 1010 sunt
495 971 531 1010 ea
552 963 679 1029 sumpta,
698 952 808 1029 quibus
829 952 870 1011 illi
891 953 956 1030 ipsi,
979 953 1031 1030 qui
1052 953 1127 1014 didi-

123 1060 227 1107 cerant
238 1046 280 1106 eis
296 1047 338 1106 uti
352 1047 488 1125 gloriose,
500 1068 589 1125 quem
601 1051 640 1109 ad
653 1051 777 1110 modum
789 1050 954 1110 salutariter
965 1062 1124 1124 uterentur,

123 1163 187 1204 non
202 1144 396 1221 reperiebant.
441 1148 548 1222 Itaque
565 1146 592 1205 ei
613 1146 685 1205 milri
706 1147 843 1207 videntur
862 1149 1010 1207 fortunate
1030 1148 1154 1218 beate-9

80 1261 112 1296 ιο
124 1261 184 1319 que
196 1241 302 1302 vixisse
316 1262 385 1302 cum
400 1241 431 1300 in
446 1242 551 1302 ceteris
566 1243 735 1303 civitatibus
750 1256 812 1303 turn
829 1244 957 1304 maxime
971 1245 1001 1303 in
1017 1257 1125 1317 nostra,

123 1339 234 1416 quibus
249 1359 318 1398 curn
333 1339 508 1400 auctoritate
523 1360 680 1417 rerumque
690 1353 838 1418 gestarum
853 1342 1021 1418 gloriatum
1037 1343 1127 1403 etiam

123 1436 288 1514 sapientiae
302 1438 391 1497 laude
406 1436 514 1514 perfrui
532 1437 623 1496 licuit.
668 1441 805 1514 Quorum
825 1439 968 1498 memoria
986 1452 1015 1498 et
1035 1460 1128 1501 recor·

123 1534 208 1592 datio
222 1533 253 1592 in
267 1533 408 1602 ¹maximis
430 1534 538 1593 nostris
557 1535 796 1612 gravissimisque
813 1535 890 1595 curis
908 1536 1039 1597 iucunda
1056 1557 1128 1597 sane

123 1631 190 1705 luit,
205 1652 274 1691 cum
288 1631 320 1690 in
335 1652 401 1691 eam
417 1652 512 1709 nuper
526 1653 562 1692 ex
576 1653 714 1693 sermone
729 1635 860 1709 quodam
876 1633 1092 1694 incidissemus.

80 1750 110 1799 15
168 1731 248 1788 Nam
263 1749 332 1788 cum
352 1728 568 1789 inambularem
588 1730 618 1788 in
636 1743 720 1806 xysto
735 1742 765 1789 et
784 1750 879 1790 essem
900 1730 1013 1790 otiosus
1033 1731 1125 1802 dorni,
1140 1708 1171 1830 io

126 1827 170 1884 M.
187 1827 226 1885 ad
242 1846 290 1885 me
306 1828 423 1898 BrutuS,
440 1838 472 1886 ut
490 1840 692 1899 consueverat,
710 1848 778 1886 cum
797 1830 832 1886 T.
850 1828 1018 1904 Pomponio
1036 1827 1125 1899 venit,

125 1922 265 1982 homines
287 1943 356 1982 cum
378 1923 454 1983 inter
474 1944 507 1984 se
528 1924 681 1984 coniuncti
703 1936 766 1984 turn
790 1925 862 1984 mibi
884 1925 925 1984 ita
946 1926 1005 1984 cari
1027 1925 1127 2003 itaque

125 2020 259 2094 iucundi,
275 2032 308 2080 ut
329 2041 433 2081 eorum
454 2034 577 2099 aspectu
600 2023 698 2082 omnis
720 2042 797 2099 quae
819 2042 867 2082 me
887 2023 1016 2098 angebat
1036 2024 1075 2082 de
1096 2042 1127 2082 re

126 2117 248 2195 publica
268 2138 339 2178 cura
359 2119 536 2180 consederit.
580 2122 667 2195 Quos
689 2131 848 2198 postquam
871 2120 1015 2179 salutavi:
1044 2119 1126 2194 Quid

81 2243 112 2275 20
126 2235 189 2287 vos,
218 2215 350 2292 inquam,
377 2219 469 2277 Brute
496 2229 526 2277 et
549 2217 673 2277 Attice?
706 2217 854 2293 numquid
883 2219 1004 2277 tandem
1034 2217 1128 2276 novi?

126 2312 212 2371 Nihil
231 2332 310 2387 sane,
327 2313 423 2391 inquit
439 2317 555 2386 Brutus,
571 2316 654 2391 quod
672 2314 794 2392 quidem
814 2326 865 2374 aut
885 2326 916 2373 tu
935 2315 1038 2373 audire
1056 2314 1128 2374 velis

125 2421 178 2468 aut
193 2430 249 2486 ego
263 2431 318 2487 pro
328 2423 410 2472 certo
420 2411 520 2472 dicere
532 2414 669 2472 audeam.
706 2415 786 2470 Tum
799 2412 933 2471 Atticus:
956 2415 1012 2485 Eo,
1022 2412 1126 2489 inquit,
1143 2433 1169 2468 11

125 2508 165 2566 ad
187 2518 216 2566 te
236 2506 337 2567 animo
357 2508 501 2580 venimus
517 2521 550 2570 ut
573 2510 611 2569 de
634 2508 805 2585 republica
826 2521 904 2569 esset
927 2508 1077 2568 silentium
1098 2521 1129 2569 et

125 2603 240 2680 aliquid
262 2604 433 2665 audiremus
454 2606 553 2684 potius
575 2627 611 2666 ex
635 2619 665 2666 te
689 2626 779 2683 quam
801 2617 830 2665 te
852 2607 1047 2665 adficeremus
1069 2608 1129 2665 ulla

80 2729 110 2778 ²5
126 2702 271 2762 molestia.
314 2706 378 2764 Vos
392 2724 470 2776 vero,
487 2705 618 2782 inquam,
632 2703 738 2776 Attice,
750 2716 780 2763 et
794 2715 980 2782 praesentem
996 2724 1044 2763 me
1058 2723 1129 2763 cura

127 2800 231 2859 levatis
259 2811 289 2860 et
317 2800 433 2861 absenti
462 2822 570 2878 magna
598 2801 708 2862 solacia
735 2801 868 2861 dedistis.
921 2803 1000 2860 Nam
1026 2801 1128 2860 vestris

127 2895 256 2974 primum
279 2896 382 2956 litteris
405 2901 552 2959 rec'reatus
578 2920 626 2960 me
650 2901 689 2959 ad
716 2898 839 2975 pristina
864 2898 961 2957 studia
984 2898 1127 2957 revocavi.

127 2997 208 3053 Tum
227 2993 295 3054 ille:
323 2994 405 3072 Legi,
426 2995 531 3073 inquit,
550 2995 730 3073 perlibenter
751 2995 909 3072 epistulam
930 3015 1020 3071 quarn
1041 2997 1079 3054 ad
1098 3005 1128 3054 te

128 3094 238 3151 Brutus
253 3090 334 3151 misit
348 3111 384 3153 ex
399 3093 479 3165 Asia,
496 3113 556 3169 qua
575 3092 649 3152 mibi
668 3091 747 3151 visus
763 3103 807 3151 est
826 3104 856 3151 et
874 3112 995 3152 monere
1014 3104 1044 3152 te
1063 3113 1129 3168 pru·

78 3218 113 3268 30
127 3190 234 3248 denter
254 3199 284 3248 et
303 3189 451 3249 consolari
469 3190 657 3250 amicissime.
702 3193 804 3261 Recte,
820 3189 952 3265 inquam,
969 3201 1013 3248 est
1030 3190 1109 3248 visus
1123 3211 1129 3256 ;
1144 3218 1172 3252 ιι

127 3305 199 3344 nam
218 3304 267 3344 me
284 3283 347 3344 istis
364 3285 440 3346 scito
459 3285 562 3347 litteris
581 3306 617 3346 ex
636 3286 776 3346 diuturna
797 3285 1018 3364 perturbatione
1038 3285 1129 3345 totius

127 3378 306 3441 valetudinis
317 3390 471 3457 tamquam
485 3385 524 3442 ad
538 3382 742 3461 aspiciendam
754 3385 852 3442 lucem
867 3403 931 3442 esse
948 3395 1127 3444 revocatum.

163 3536 194 3582 16
210 3535 281 3584 venit
289 3534 420 3584 Fleckeisen
430 3553 437 3584 ι
448 3545 554 3586 venerat
566 3538 588 3585 L
631 3553 659 3597 17
677 3537 763 3599 itaque
770 3536 837 3584 codd.
850 3555 856 3584 :
869 3544 945 3597 atque
958 3535 981 3582 O
1014 3552 1046 3584 20
1059 3551 1128 3584 num·

126 3600 189 3662 quid
199 3599 352 3665 Nipperdey:
369 3616 437 3650 nunc
449 3602 510 3664 quid
522 3602 545 3649 L
635 3618 666 3664 25
684 3611 848 3665 praesentem
860 3601 896 3650 F:
915 3610 1050 3663 praesente
1062 3600 1129 3649 codd.

1034 3678 1063 3726 1*
