2588 4178
559 197 718 261 TOPICA
1110 215 1132 274 4
1147 222 1178 278 19

134 364 384 424 antecedentibus
404 376 505 426 autem
526 375 557 425 et
577 365 830 443 consequentibus
852 376 882 426 et
902 364 1134 445 repugnantibus

135 459 195 517 hoc
218 459 330 534 modo;
360 458 399 518 ab
423 458 688 519 antecedentibus:
720 458 934 538 Siviriculpa
957 460 1135 519 factumest

136 554 306 629 divortium,
329 555 384 617 etsi
407 557 512 617 mulier
533 556 672 616 nuntium
694 556 814 630 remisit,
837 569 937 617 tamen
958 577 1013 635 pro
1034 555 1134 617 liberis

137 673 258 714 manere
276 652 350 714 nihil
370 666 495 732 oportet.
539 658 567 714 A
581 653 852 731 consequentibus:
885 654 915 715 Si
936 654 1049 728 mulier,
1064 674 1133 716 cum
1149 677 1180 714 ιο

107 773 120 820 5
136 749 240 812 fuisset
254 761 348 828 nupta
361 772 431 811 curn
446 772 483 813 eo
497 751 619 830 quicum
633 751 797 813 conubium
812 773 874 812 non
893 764 978 824 esset,
995 751 1132 813 nuntium

136 847 249 908 remisit
258 871 267 923 ;
288 848 431 926 quoniam
450 849 501 927 qui
517 849 577 909 nati
593 861 663 909 sunt
681 861 794 929 patrem
814 869 877 910 non
891 861 1063 928 sequuntur,
1080 869 1134 927 pro

136 944 237 1007 liberis
258 966 379 1027 manere
399 947 472 1007 nihil
494 958 618 1025 oportet.
662 951 691 1007 A
710 947 961 1026 repugnantibus:
991 947 1022 1007 Si
1041 958 1134 1026 pater-
1149 965 1177 1004 rr

136 1043 264 1104 familias
291 1033 375 1105 uxori
403 1044 576 1105 ancillarum
606 1065 691 1107 usum
724 1047 853 1106 fructum
881 1045 988 1124 legavit
1022 1065 1040 1105 a
1072 1044 1137 1105 filio.

137 1161 237 1220 neque
253 1161 272 1201 a
290 1143 425 1203 secundo
443 1143 554 1204 herede
573 1142 689 1221 legavit,
706 1155 823 1203 mortuo
843 1142 904 1203 filio
923 1141 1033 1203 mulier
1046 1162 1133 1202 usum
1151 1157 1152 1160 ’
1239 1142 1242 1150 ’

92 1259 124 1296 ιο
136 1242 266 1300 fructum
281 1259 343 1300 non
363 1238 487 1301 amittet.
531 1242 623 1317 Quod
643 1241 722 1301 enim
742 1242 835 1302 semel
854 1251 1032 1301 testamento
1046 1228 1134 1299 alicui

137 1339 242 1398 datum
271 1348 324 1411 est,
350 1338 381 1399 id
411 1339 451 1399 ab
479 1359 517 1399 eo
539 1338 632 1399 invito
661 1337 710 1404 cui
737 1339 841 1398 datum
869 1349 914 1399 est
938 1337 1045 1398 auferri
1072 1357 1134 1397 non

136 1446 244 1514 potest
289 1437 449 1514 Repugnat
464 1436 543 1497 enim
566 1448 646 1497 recte
658 1435 794 1514 accipere
807 1447 837 1496 et
856 1435 981 1495 invitum
1000 1436 1132 1496 reddere.

137 1534 188 1593 Ab
202 1532 400 1594 efficientibus
410 1534 499 1594 rebus
510 1536 568 1618 hoc
583 1535 693 1594 modo:
715 1533 865 1595 Omnibus
877 1543 921 1593 est
935 1533 980 1593 ius
991 1532 1134 1610 parietem
1149 1548 1179 1585 υ

137 1628 283 1690 directum
306 1631 346 1690 ad
370 1630 513 1710 parietem
535 1651 726 1692 communem
749 1630 911 1708 adiungere
934 1632 980 1693 vel
1005 1629 1134 1690 solidum

92 1750 122 1800 ¹⁵
137 1729 187 1789 vel
200 1727 386 1788 somicatum.
430 1729 490 1788 Sed
512 1728 615 1805 quiin
637 1728 748 1806 pariete
769 1727 922 1789 communi
942 1728 1135 1795 demoliendo

137 1824 242 1885 damni
268 1824 371 1885 infecti
404 1825 579 1903 promiserit,
615 1845 678 1885 non
710 1825 833 1886 debebit
862 1836 1018 1903 praestare,
1052 1827 1135 1903 quod

138 1921 235 1983 lomix
259 1921 311 1982 viti
338 1922 448 1984 fecerit
501 1925 573 1984 Non
601 1922 682 1984 enim
710 1921 774 1984 eius
801 1922 874 1983 vitio
896 1922 946 2000 qui
975 1922 1135 1983 demolitus
1206 1983 1209 1989 ,

138 2031 183 2080 est
208 2021 352 2080 damnum
381 2022 491 2081 sactum
521 2030 574 2094 est,
601 2021 655 2080 sed
681 2020 745 2080 eius
773 2020 870 2098 operis
890 2020 962 2080 vitio
987 2022 1069 2098 quod
1094 2018 1135 2080 ita

137 2117 328 2187 aedificatum
343 2129 396 2191 est,
412 2130 445 2179 ut
462 2117 604 2197 suspendi
621 2138 683 2178 non
702 2129 811 2196 posset.
854 2119 903 2179 Ab
917 2119 1029 2178 effectis
1046 2119 1134 2180 rebus
1149 2137 1181 2193 η

91 2236 125 2273 20
139 2217 198 2276 hoc
219 2217 330 2276 modo:
360 2217 438 2277 Cum
460 2215 566 2276 mulier
582 2215 645 2276 viro
666 2215 696 2274 in
724 2236 846 2276 manum
870 2215 1018 2290 convenit,
1034 2214 1135 2276 omnia

138 2333 216 2391 quae
243 2313 374 2374 mulieris
405 2315 524 2374 fuerunt
546 2312 600 2372 viri
619 2314 694 2372 fiunt
713 2312 792 2374 dotis
813 2312 943 2374 nomine.
987 2316 1033 2372 Ex
1056 2332 1136 2373 com·

137 2410 292 2488 paratione
322 2422 422 2472 autem
454 2411 556 2472 omnia
584 2413 683 2471 valent
710 2431 787 2488 quae
819 2421 888 2471 sunt
916 2410 1004 2470 huius
1034 2409 1135 2471 modi:

138 2511 231 2587 Quod
256 2508 287 2568 in
311 2528 343 2569 re
365 2508 476 2572 maiore
500 2511 578 2569 valet
598 2510 694 2570 valeat
718 2508 749 2567 in
775 2505 831 2590 [re]
860 2508 982 2580 minore,
1005 2520 1038 2568 ut
1058 2508 1084 2567 si
1104 2508 1135 2568 in

138 2607 213 2668 urbe
227 2609 301 2667 fines
315 2627 378 2668 non
399 2618 547 2686 reguntur,
564 2626 620 2667 nec
638 2625 717 2683 aqua
731 2605 762 2665 in
781 2606 854 2666 urbe
872 2616 1012 2666 arceatur.
1057 2608 1134 2666 Item

94 2723 125 2774 ²5
138 2714 261 2766 contra:
290 2705 384 2780 Quod
408 2704 439 2764 in
463 2703 579 2765 minore
603 2705 689 2776 valet,
715 2705 811 2763 valeat
834 2703 864 2762 in
888 2702 1017 2763 maiore.
1051 2702 1136 2763 Licet

138 2801 220 2883 idern
234 2804 403 2880 exemplum
423 2813 615 2887 convertere..
648 2803 743 2861 Item:
767 2802 859 2881 Quod
876 2800 906 2868 in
922 2821 953 2861 re
971 2799 1034 2878 pari
1048 2802 1134 2874 valet,

137 2901 234 2960 valeat
253 2898 285 2960 in
305 2901 362 2960 hac
383 2920 461 2977 quae
481 2920 534 2978 par
554 2910 599 2960 est
610 2922 617 2974 3
638 2911 689 2959 ut:
711 2897 864 2975 Quoniam
885 2918 956 2958 usus
976 2897 1135 2957 auctoritas

138 2992 224 3054 fundi
245 2992 400 3054 biennium
422 3005 475 3067 est,
499 2992 536 3053 sit
557 2992 646 3054 etiarn
670 2992 799 3053 aedium.
842 2994 883 3051 At
907 2991 938 3050 in
960 2993 1025 3069 lege
1045 2992 1135 3051 aedes

137 3112 200 3152 non
220 3094 407 3170 appellantur
421 3103 451 3152 et
464 3103 534 3152 sunt
554 3103 718 3152 ceterarum
739 3111 835 3151 rerum
856 3089 990 3149 omnium
1010 3108 1135 3174 quarum

92 3214 125 3262 30
137 3209 256 3249 annuus
277 3200 322 3249 est
343 3209 422 3248 usus.
465 3191 573 3249 Valeat
593 3189 737 3267 aequitas,
753 3208 830 3266 quae
849 3187 969 3264 paribus
988 3186 1020 3246 in
1039 3185 1135 3246 causis

137 3286 220 3366 paria
234 3285 297 3346 iura
310 3286 466 3347 desiderat.
512 3289 599 3363 Quae
612 3299 714 3347 autem
728 3287 926 3346 adsumuntur
944 3284 1133 3357 extrinsecus,
1151 3305 1182 3357 ²4

173 3457 203 3490 ια
220 3441 401 3505 repugnator
416 3449 516 3504 pugnat
527 3442 594 3492 codd.
680 3456 710 3503 19
727 3441 810 3503 possit
819 3440 878 3503 Abs
952 3455 983 3501 23
1001 3440 1136 3489 teminore

139 3505 216 3556 OLV
308 3523 339 3568 24
357 3515 482 3567 reguntur
494 3508 533 3556 O:
550 3515 675 3569 regantur
692 3507 759 3557 codd.
868 3522 898 3569 27
917 3521 982 3568 quac
993 3520 1041 3567 par
1051 3504 1135 3553 codd:

137 3573 277 3702 ntntpnng
285 3589 428 3687 :cegnnnrpnnn
439 3573 566 3704 mlx?
687 3575 720 3620 28
739 3575 775 3639 (at
787 3572 812 3620 in
826 3572 884 3634 lege
896 3573 973 3621 aedes
985 3586 1035 3619 non
1048 3569 1137 3632 appel·
