2588 4178
512 197 690 259 ORATOR
1069 198 1107 257 61
1121 218 1168 268 ²05

104 371 134 420 et
149 362 271 438 quando
285 372 336 421 aut
350 360 413 422 istis
429 372 481 422 aut
500 361 557 423 illis
576 361 614 422 sit
634 363 780 422 utendum
793 383 801 435 ;
829 381 967 439 quaeque
984 361 1061 422 inter
1074 382 1107 422 se

104 458 258 536 aptissime
271 461 466 520 conlocentur
484 471 514 520 et
532 480 593 538 quo
612 461 712 533 modo,
728 480 767 519 an
784 459 909 520 omnino
927 461 1010 519 nulla
1023 459 1060 520 sit
1075 459 1106 518 in

104 575 143 615 eo
156 575 264 633 genere
278 555 449 632 distinctio;
469 560 613 636 quodque
626 559 666 618 ad
680 577 743 618 rem
758 557 886 617 maxime
899 557 1035 635 pertinet,
1046 576 1106 634 qua

104 652 220 713 ratione
233 674 393 715 numerosa
410 657 462 715 fiat
480 654 583 715 oratio.
627 655 846 732 Explicandum
861 653 951 714 etiam
965 665 1010 714 est
1024 656 1105 714 unde
1120 664 1169 716 206

58 761 171 817 'sorta
194 751 231 811 sit
255 753 351 813 forma
377 754 535 814 verborum
560 751 782 830 dicendumque
810 763 939 829 quantos
966 751 1106 812 circuitus

105 849 203 908 facere
216 850 322 910 deceat
335 851 434 927 deque
451 870 555 911 eorum
572 849 722 936 particulis
743 862 773 910 et
791 861 943 927 tamquam
959 849 1108 911 incisioni-

105 946 164 1006 bus
178 945 385 1008 disserendum
404 959 449 1008 est
468 948 733 1025 quaerendumque
752 957 851 1006 utrum
872 967 933 1006 una
949 946 1063 1024 species
1078 958 1107 1006 et

106 1043 269 1121 longitudo.
283 1044 321 1104 sit
339 1065 441 1106 earum
460 1065 539 1105 anne
560 1047 659 1124 plures
672 1056 715 1117 et,
732 1044 756 1104 si
770 1046 878 1122 plures,
894 1064 955 1122 quo
974 1046 1042 1105 loco
1056 1056 1108 1114 aut

106 1143 230 1218 quando
264 1162 386 1220 quoque
417 1162 525 1220 genere
557 1142 601 1203 uti
633 1152 775 1220 oporteat.
833 1144 988 1202 Postremo
1016 1141 1107 1202 totius

62 1257 94 1294 ro
105 1239 222 1316 generis
246 1239 357 1300 utilitas
381 1240 557 1318 explicanda
581 1250 633 1313 est,
656 1259 734 1317 quae
754 1239 877 1317 quidem
898 1250 980 1316 patet
1000 1239 1109 1314 latius;

107 1356 170 1396 non
190 1336 230 1396 ad
249 1356 341 1396 unam
361 1336 442 1398 enim
461 1358 524 1398 rem
545 1337 685 1415 aliquam,
701 1338 755 1398 sed
772 1339 812 1398 ad
828 1332 918 1414 pluris
939 1356 1108 1397 accommo-

106 1434 201 1494 datur.

146 1534 193 1591 Ac
208 1530 277 1592 licet
290 1552 353 1592 non
366 1534 407 1594 ad
420 1531 537 1610 singula
549 1534 780 1611 respondentem
795 1534 834 1593 de
848 1531 986 1593 universo
999 1551 1107 1609 genere
1122 1555 1171 1609 ²07

106 1627 149 1689 sic
164 1627 271 1701 dicere,
287 1641 320 1689 ut
341 1629 431 1690 etiam
452 1630 574 1709 singulis
596 1631 665 1691 satis
686 1623 862 1709 responsum
882 1649 946 1691 esse
963 1629 1106 1690 videatur.

62 1743 91 1793 ¹5
107 1725 244 1785 Remotis
258 1725 346 1804 igitur
359 1727 479 1805 reliquis
493 1728 651 1805 generibus
665 1749 759 1788 unum
773 1727 931 1805 selegimus
945 1729 1012 1801 hoo,
1024 1727 1108 1804 quod

107 1822 139 1882 in
166 1823 263 1883 causis
290 1826 415 1903 foroque
439 1837 578 1899 versatur,
602 1828 641 1886 de
669 1846 730 1904 quo
753 1825 929 1887 diceremus.
973 1828 1053 1902 Ergo
1077 1823 1108 1884 in

106 1919 179 1993 aliis,
196 1919 227 1981 id
241 1932 286 1981 est
300 1921 331 1981 in
345 1921 468 1983 historia
481 1933 511 1984 et
524 1923 555 1983 in
573 1943 610 1984 eo
624 1925 707 2000 quod
720 1925 906 2001 appellamus
920 1923 1109 1995 ἔπιδεικτικόν,

107 2019 205 2095 placet
225 2019 328 2080 omnia
348 2019 408 2081 dici
423 2023 575 2081 Isocrateo
589 2023 868 2098 Theopompeoque
887 2040 970 2080 more
988 2020 1038 2080 illa
1056 2019 1109 2080 cir-

107 2116 339 2194 cumscriptione
366 2117 550 2196 ambituque,
580 2130 612 2179 ut
642 2129 794 2195 tamquam
827 2117 858 2176 in
889 2119 962 2179 orbe
994 2117 1109 2178 inclusa

62 2225 205 2273 recurrat
225 2214 328 2287 oratio,
343 2218 444 2292 quoad
465 2215 581 2276 insistat
601 2215 632 2274 in
653 2214 775 2292 singulis
796 2215 933 2292 perfectis
954 2215 1109 2276 absolutis·

103 2329 168 2387 ¹que
186 2311 349 2372 sententiis.
393 2315 500 2389 Itaque
518 2323 623 2391 postea
641 2332 732 2390 quam
753 2323 799 2372 est
816 2324 885 2372 nata
904 2315 979 2373 haec
996 2314 1042 2374 vel
1056 2312 1109 2372 cir·
1123 2325 1170 2373 208
1258 2365 1262 2375 .

108 2408 300 2486 cumscriptio
318 2411 365 2469 vel
381 2409 610 2488 comprehensio
630 2411 677 2469 vel
698 2408 884 2470 continuatio
903 2411 950 2470 vel
968 2409 1106 2482 ambitus,

108 2503 133 2564 si
148 2504 188 2564 ita
202 2505 271 2566 licet
284 2506 394 2588 dicere,
407 2528 506 2580 nemo,
523 2507 575 2585 qui
588 2507 689 2584 aliquo
704 2519 781 2566 esset
795 2506 826 2567 in
843 2527 977 2581 numer0,
993 2506 1109 2585 scripsit

109 2603 275 2663 orationem
295 2603 411 2681 generis
431 2605 495 2665 eius
516 2605 599 2682 quod
620 2614 698 2665 esset
717 2604 757 2664 ad
778 2604 1008 2664 delectationem
1029 2624 1109 2664 com·

63 2711 245 2777 asperatum
263 2713 472 2779 remotumque
489 2722 508 2762 a
526 2701 654 2765 iudiciis,
664 2700 834 2779 forensique
850 2701 1020 2774 certamine,
1036 2700 1108 2778 quin

108 2798 254 2876 redigeret
275 2799 374 2860 omnis
394 2802 454 2861 fere
475 2799 506 2859 in
527 2801 674 2878 quadrum
698 2819 917 2877 numerumque
937 2799 1107 2874 sententias.

109 2899 188 2956 Nam
210 2895 279 2956 cum
301 2896 325 2956 is
346 2908 391 2968 est
411 2896 529 2957 auditor
550 2896 602 2974 qui
625 2917 686 2958 non
707 2908 841 2957 vereatur
861 2917 902 2967 ne,
924 2897 1109 2975 compositae

108 2993 250 3054 orationis
277 2993 393 3055 insidiis
424 3014 478 3054 sua
505 2996 580 3055 fides
611 2997 811 3073 attemptetur,
835 2993 958 3072 gratiam
987 3014 1108 3072 quoque

107 3092 200 3152 habet
214 3093 322 3161 oratori
335 3093 480 3170 voluptati
494 3092 609 3152 aurium
626 3092 772 3154 servienti.
817 3094 920 3177 Genus
934 3104 1035 3153 autern
1049 3095 1109 3154 hoc
1121 3057 1163 3196 ξ’

61 3207 96 3258 30
108 3188 250 3250 orationis
268 3210 366 3268 neque
385 3200 482 3250 totum
503 3192 730 3272 adsumendum·
743 3201 789 3251 est
806 3192 846 3249 ad
863 3210 968 3260 causas
983 3190 1108 3251 sorensis
1138 3162 1171 3214 ⁰⁹

108 3307 207 3365 neque
228 3288 353 3348 omnino
373 3288 592 3367 repudiandum
602 3284 615 3364 ,‘
640 3287 665 3347 si
687 3287 767 3348 enim
789 3307 906 3365 semper
927 3298 1023 3362 utare,
1039 3307 1108 3347 cum

107 3385 273 3445 satietatem
294 3387 390 3446 adfert
407 3397 470 3445 turn
492 3388 580 3464 quale
597 3384 634 3445 sit
651 3384 740 3445 etiam
759 3385 798 3444 ab
816 3384 958 3462 imperitis
977 3384 1109 3462 agnosci-

142 3554 153 3589 ι
173 3538 228 3587 istis
250 3537 274 3586 L
298 3539 381 3604 (Brut.
408 3540 485 3604 133):
512 3540 553 3588 his
575 3536 720 3588 Lambinus
860 3553 890 3601 13
906 3539 1006 3601 singula
1025 3538 1107 3587 Bake:

107 3605 224 3666 singulas
234 3605 311 3654 resL
1019 3657 1022 3663 .

139 3683 187 3719 cic.
201 3685 309 3720 aaaron
1013 3671 1043 3718 12
