2588 4178
147 226 185 286 32
203 236 247 286 ¹¹3
468 210 512 269 M.
541 208 670 268 TVLLI
699 205 933 269 CICERONIS

198 388 413 454 compresserat
427 373 535 452 digitos
553 393 749 453 pugnumque
767 375 884 446 fecerat,
900 371 1087 433 dialecticam
1104 370 1204 432 aiebat

199 473 263 534 eius
275 473 358 534 modi
369 493 434 533 esse
445 495 452 544 ;
472 492 542 533 cum
555 483 657 532 autem
668 472 832 549 deduxerat
845 481 875 531 et
886 470 1009 530 manum
1020 469 1202 540 dilataverat}

141 573 317 650 114palmae
344 569 422 631 illius
449 569 576 630 similem
604 568 808 647 eloquentiam
835 588 901 630 esse
928 567 1056 628 dicebat
1102 569 1204 644 Atque

201 668 291 730 etiam
311 678 381 727 ante
402 668 483 727 hunc
496 665 672 727 Aristoteles
692 665 840 744 principio
859 664 929 726 artis
950 663 1115 725 rhetoricae
1131 662 1205 724 dicit

201 766 281 826 illam
300 777 393 825 artem
408 763 493 841 quasi
513 784 550 824 ex
566 766 658 823 altera
677 774 761 842 parte
780 764 960 842 respondere
974 751 1156 835 dialecticae,
1172 772 1206 822 ut
1220 785 1234 834 5

202 865 261 922 hoc
284 861 422 922 videlicet
450 860 587 921 differant
615 860 690 921 inter
714 881 747 921 se
774 863 857 938 quod
885 863 960 922 haec
983 860 1059 949 ratio
1083 859 1204 921 dicendi

202 959 288 1020 latior
302 959 346 1031 sit,
362 958 413 1018 illa
426 957 570 1035 loquendi
583 957 769 1019 contractior.
805 961 886 1019 Volo
899 957 988 1036 igitur
1000 957 1072 1018 huic
1084 977 1206 1018 summo

202 1078 324 1119 omnem
341 1077 418 1134 quae
439 1057 478 1116 ad
499 1055 663 1116 dicendum
683 1055 760 1116 trahi
780 1043 874 1134 possit
894 1055 1040 1134 loquendi
1059 1055 1206 1116 rationem

203 1175 268 1217 esse
282 1166 405 1228 notam3
426 1173 508 1231 quae
517 1152 640 1231 quidem
655 1174 709 1227 res,
725 1156 808 1231 quod
823 1165 852 1214 te
869 1153 915 1214 his
928 1153 1041 1213 artibus
1055 1152 1206 1214 eruditum

203 1252 328 1313 minime
341 1251 423 1324 fallit,
438 1250 590 1329 duplicem
605 1251 711 1311 habuit
724 1251 856 1312 docendi
872 1247 959 1312 riam.
1003 1252 1083 1311 Nam
1097 1262 1128 1311 et
1141 1250 1207 1328 ipse
1223 1276 1253 1311 ιο

204 1350 378 1410 Aristoteles
397 1348 519 1409 tradidit
538 1360 697 1427 praecepta
717 1348 845 1429 plurima
865 1348 1031 1410 disserendi
1051 1360 1082 1409 et
1102 1359 1208 1426 postea

145 1472 191 1527 115
205 1447 257 1525 qui
277 1445 426 1507 dialectici
446 1445 586 1506 dicuntur
606 1445 772 1523 spinosiora
794 1449 888 1507 multa
911 1457 1097 1525 pepererunt
1141 1448 1208 1523 Ego

205 1564 274 1605 eum
289 1565 398 1604 censeo
412 1544 464 1621 qui
483 1543 672 1622 eloquentiae
688 1546 777 1605 laude
795 1546 923 1605 ducatur
940 1565 1002 1606 non
1021 1565 1087 1605 esse
1105 1564 1208 1604 earum

205 1632 302 1701 rerum
323 1641 449 1702 omnino
469 1643 583 1714 rudem,
599 1640 721 1702 sedvel
741 1641 791 1702 illa
810 1641 935 1720 antiqua
955 1643 1002 1703 vel
1023 1643 1079 1702 hac
1102 1642 1210 1718 Chrys·

205 1738 268 1816 ippi
289 1738 447 1816 disciplina
467 1738 643 1799 institutum.
687 1738 812 1801 Noverit
829 1738 959 1818 primum
976 1739 1047 1815 vim,
1060 1750 1209 1822 naturam,
1224 1761 1254 1811 ¹5

205 1856 314 1914 genera
335 1836 493 1897 verborum
521 1847 551 1897 et
574 1835 754 1914 simplicium
782 1848 812 1898 et
838 1840 1046 1915 copulatorum
1058 1859 1067 1912 ;
1097 1835 1210 1898 deinde

207 1944 281 2011 quot
302 1932 400 1993 modis
421 1932 554 2010 quidque
575 1934 690 1994 dicatur
700 1956 709 2009 3
730 1954 790 2012 qua
810 1934 925 1996 ratione
941 1955 1044 1995 verum
1062 1936 1210 1995 falsumne

207 2031 245 2091 sit
260 2030 426 2106 iudicetur;
453 2031 527 2109 quid
548 2031 691 2092 efficiatur
710 2053 727 2092 e
746 2051 878 2110 quoque,
892 2032 966 2110 quid
984 2032 1094 2110 cuique
1107 2051 1211 2092 conse-

207 2148 303 2205 quens
324 2129 362 2188 sit
383 2127 493 2206 quidve
513 2128 693 2189 contrarium
703 2151 712 2203 ;
738 2149 869 2207 cumque
889 2130 1029 2207 ambigue
1053 2131 1148 2189 multa
1168 2128 1212 2189 di-

208 2237 320 2299 cantur,
337 2246 397 2303 quo
412 2227 505 2305 modo
519 2226 652 2304 quidque
671 2246 774 2287 eorum
794 2227 888 2288 dividi
902 2226 1112 2306 explanarique
1124 2246 1213 2305 opor·
1225 2255 1257 2288 20

208 2335 276 2384 teat.
321 2326 408 2384 Haec
422 2325 553 2384 tenenda
566 2335 636 2392 sunt
649 2324 888 2402 oratori-saepe
902 2324 983 2386 enim
999 2335 1209 2397 occurrunt—‚

208 2422 262 2481 sed
276 2420 347 2498 quia
355 2439 414 2481 sua
428 2432 535 2499 sponte
554 2420 736 2498 squalidiora
752 2433 830 2496 sunt,
845 2421 1036 2484 adhibendus
1050 2421 1105 2482 erit
1118 2421 1150 2482 in
1165 2420 1212 2482 his

208 2517 391 2596 explicandis
405 2518 529 2596 quidam
543 2518 684 2579 orationis
698 2519 784 2579 nitor.

157 2609 198 2668 33
252 2620 291 2676 Et
315 2616 458 2694 quoniam
482 2615 514 2676 in
538 2616 679 2677 omnibus
703 2637 780 2694 quae
804 2615 918 2678 ratione
940 2619 1087 2678 docentur
1109 2628 1140 2678 et
1164 2615 1213 2677 via

149 2685 338 2793 ¹¹⁶primum
361 2712 605 2774 constituendum
633 2725 678 2774 est
704 2713 779 2791 quid
806 2713 939 2792 quidque
966 2715 1038 2774 sit-
1046 2713 1103 2776 nisi
1129 2713 1212 2776 enim
1227 2739 1256 2789 ²5

210 2811 287 2872 inter
300 2831 352 2871 eos
371 2810 423 2887 qui
439 2810 608 2888 disceptant
628 2811 768 2871 convenit
782 2811 855 2890 quid
874 2811 911 2872 sit
930 2811 1004 2873 illud
1018 2814 1102 2890 quod
1120 2811 1214 2872 ambi-

210 2908 295 2986 gitur,
318 2929 375 2968 nec
399 2920 478 2968 recte
499 2907 604 2969 disseri
624 2929 768 2986 umquam
792 2930 849 2971 nec
872 2911 912 2970 ad
933 2908 1044 2970 exitum
1066 2910 1214 2987 perveniri

210 3017 359 3084 potest-,
375 3005 551 3084 explicanda
571 3017 616 3066 est
637 3027 726 3085 saepe
744 3007 841 3067 verbis
863 3027 947 3067 mens
968 3019 1070 3068 nostra
1087 3009 1127 3068 de
1144 3028 1215 3085 qua-

211 3125 270 3181 que
292 3125 322 3164 re
341 3115 432 3181 atque
450 3103 583 3164 involuta
601 3104 643 3164 rei
662 3104 767 3165 notitia
787 3104 961 3166 definiendo
978 3105 1141 3183 aperienda
1159 3117 1213 3179 est,

212 3201 237 3262 si
261 3201 383 3279 quidem
409 3213 454 3262 est
478 3201 613 3263 definitio
641 3203 744 3277 orati0‚
767 3221 845 3281 quae
869 3203 942 3280 quid
965 3203 1002 3263 sit
1029 3202 1061 3263 id
1089 3205 1128 3264 de
1152 3223 1215 3280 quo
1228 3231 1260 3279 30

249 3372 279 3405 10
297 3356 411 3421 habetA
510 3372 539 3404 12
555 3358 659 3420 egoA:
677 3358 773 3419 ergoL
859 3359 889 3407 18
906 3358 1090 3422 equoqueA:
1108 3374 1216 3422 eoquo-

213 3438 263 3484 que
282 3422 304 3470 L
418 3437 451 3470 20
474 3422 552 3471 dividi
572 3424 640 3474 AL:
665 3423 786 3486 distingui
807 3425 903 3472 coniecit
918 3425 1079 3473 Nesemann:
1103 3425 1217 3474 dilucide

214 3487 347 3549 explanari
366 3486 432 3535 Reid
527 3504 559 3536 22
569 3490 635 3550 ‚quin
645 3488 671 3536 A
684 3508 690 3537 ε
707 3490 775 3552 quod
789 3489 868 3538 OPM
876 3507 882 3538 r
897 3505 950 3551 quo
960 3490 999 3539 F:
1016 3490 1136 3553 quoniam
1142 3490 1216 3550 Jahn

214 3554 248 3601 26
264 3553 409 3618 disceptant
422 3552 467 3600 A:
484 3553 630 3616 disceptent
641 3553 665 3601 L
732 3556 800 3617 quod
816 3556 859 3603 A:
878 3557 910 3604 de
927 3572 978 3617 quo
992 3555 1016 3603 L
1115 3572 1147 3617 27
1165 3556 1217 3605 dis·

215 3633 287 3666 seres
307 3634 417 3679 unquam
438 3633 487 3666 nec
507 3619 539 3666 ad
558 3619 655 3668 exitum
677 3620 807 3682 perveniri
828 3628 902 3682 potes
920 3622 945 3669 A
1054 3637 1086 3683 29
1103 3621 1217 3670 involuta

214 3682 392 3732 Hoernercum
404 3683 471 3733 codd.
484 3682 549 3732 dett:
565 3685 693 3733 involutae
705 3683 756 3731 AL
824 3686 895 3734 notio
908 3686 1001 3736 maluit
1008 3685 1103 3736 Pr'dm't
