2588 4178
518 205 696 268 ORATOR
1071 219 1110 280 52
1126 224 1172 280 174

109 373 249 435 laudibus
270 376 376 447 serunt,
398 376 481 452 quod
502 374 600 436 verbis
624 374 728 436 solutis
749 369 890 435 numeros
911 373 1040 453 primum
1060 374 1111 435 ad-

109 471 246 533 iunxerit.
288 472 367 533 Cum
384 471 464 532 enirn
479 470 593 534 videret
607 484 738 533 oratores
753 493 822 533 curn
837 471 991 533 severitate
1005 469 1109 545 audiri,

109 581 214 647 poetas
232 582 333 629 autem
352 589 422 629 cum
437 571 599 648 voluptate,
617 582 680 630 turn
695 569 803 630 dicitur
821 589 962 630 numeros
981 581 1109 643 secutus,

109 667 219 744 quibus
240 667 330 728 etiam
351 667 382 726 in
404 667 538 729 oratione
559 679 700 742 uteretur,
717 687 787 727 curn
808 665 1001 726 iucunditatis
1022 686 1112 727 causa

81 777 174 845 5Uturn
202 776 235 824 ut
262 763 387 825 varietas
414 778 581 827 occurreret
602 764 737 827 satietati.
789 766 881 841 Quod
908 764 948 824 ab
972 763 1015 825 eis
1042 784 1111 826 vere
1125 782 1172 836 ηε

109 865 241 941 quadam
266 883 302 924 ex
326 875 417 940 parte,
438 883 500 925 non
522 875 619 925 totum
640 863 756 925 dicitur.
802 864 882 922 Nam
907 861 1059 923 neminem
1080 860 1112 922 in

110 981 148 1021 eo
164 980 273 1039 genere
293 960 434 1021 scientius
448 974 597 1022 versatum
612 964 744 1022 Isocrate
764 960 970 1021 confitendum
990 972 1042 1032 est,
1059 961 1113 1020 sed

110 1058 249 1138 princeps
271 1058 445 1120 inveniendi
465 1059 521 1120 suit
535 1060 783 1136 Thrasymachus,
799 1057 884 1118 cuius
903 1057 1006 1119 omnia
1024 1056 1113 1117 nimis

110 1157 201 1216 etiam
221 1169 336 1217 exstant
354 1157 463 1235 scripta
482 1178 647 1218 numerose.
692 1159 782 1230 Nam,
796 1168 829 1215 ut
843 1158 933 1234 paulo
951 1166 1022 1215 ante
1042 1153 1112 1227 dixi,

66 1254 194 1332 roparia
218 1255 338 1333 paribus
362 1255 505 1316 adiuncta
531 1268 562 1317 et
585 1255 719 1316 similiter
742 1254 866 1315 definita
889 1254 1022 1332 itemque
1044 1273 1114 1314 con-

111 1352 206 1412 trariis
228 1355 319 1415 relata
341 1353 496 1427 contraria,
518 1373 596 1432 quae
620 1339 810 1430 suasponte‚
832 1352 921 1414 etiam
946 1352 971 1412 si
995 1353 1028 1413 id
1051 1371 1114 1412 non

110 1469 191 1527 agas,
205 1453 318 1512 cadunt
333 1453 509 1530 plerumque
524 1472 693 1526 numerose,
707 1450 832 1529 Gorgias
846 1451 975 1530 primum
990 1449 1111 1522 invenit,

111 1549 166 1608 sed
190 1547 233 1608 eis
257 1559 303 1608 est
324 1568 395 1608 usus
416 1548 648 1627 intemperatius.
697 1551 734 1610 Id
758 1559 859 1609 autem
887 1560 932 1609 est
955 1568 1057 1626 genus,
1081 1558 1114 1607 ut

111 1658 182 1705 ante
203 1645 317 1706 dictum
341 1656 394 1719 est,
412 1666 448 1706 ex
467 1629 561 1711 trilius
585 1646 719 1724 partibus
743 1645 958 1706 conlocationis
978 1647 1112 1705 alterurn.

69 1763 98 1814 15
114 1744 233 1803 Horum
262 1753 387 1820 uterque
415 1745 579 1804 Isocratem
609 1755 707 1804 aetate
734 1742 901 1822 praecurrit,
925 1754 958 1802 ut
985 1761 1037 1802 eos
1065 1741 1115 1804 ille
1130 1737 1177 1804 ¹7⁶

113 1840 326 1913 moderatione,
343 1860 405 1901 non
419 1840 592 1902 inventione
605 1840 716 1904 vicerit.
759 1843 814 1905 Est
827 1839 919 1915 enim,
933 1854 966 1900 ut
980 1840 1010 1899 in
1025 1852 1117 1900 trans·

112 1937 242 1999 ferendis
257 1937 461 2016 faciendisque
475 1938 573 2000 verbis
587 1937 772 2016 tranquillior
786 1938 828 1998 sic
842 1938 874 1997 in
893 1938 964 2016 ipsis
985 1937 1116 1999 numeris

113 2035 250 2096 sedatior.
295 2035 419 2114 Gorgias
444 2048 544 2097 autern
573 2036 688 2096 avidior
714 2047 760 2096 est
783 2036 899 2113 generis
927 2034 990 2096 eius
1015 2047 1045 2096 et
1069 2035 1115 2095 his

112 2132 405 2201 festivitatibus-sic
429 2135 510 2194 enim
536 2134 599 2212 ipse
623 2132 943 2194 censet—insolentius
966 2132 1116 2207 abutitur3

70 2256 100 2291 πο
114 2251 189 2309 quas
211 2233 359 2292 Isocrates
380 2243 490 2305 tamen,
506 2252 576 2292 cum
597 2230 759 2292 audivisset
780 2232 956 2291 adulescens
978 2230 1008 2290 in
1023 2233 1116 2292 Thes

113 2329 187 2388 salia
210 2348 314 2389 senem
339 2328 397 2389 iam
423 2328 573 2407 Gorgiam,
596 2326 989 2405 moderatiustemperavit.
1033 2327 1114 2404 Quin

113 2425 203 2486 etiam
228 2446 260 2487 se
284 2425 348 2504 ipse
370 2436 487 2486 tanturn
510 2436 657 2504 quantum
681 2435 778 2485 aetate
799 2425 1116 2502 procedebat-prope

113 2523 194 2585 enim
214 2536 337 2584 centum
356 2523 788 2593 coniecitannos-relaxabat
801 2542 820 2582 a
833 2520 926 2582 nimia
940 2521 1116 2582 necessitate

113 2635 316 2696 numerorum,
330 2623 414 2700 quod
430 2622 562 2682 declarat
580 2620 612 2680 in
630 2641 668 2681 eo
686 2619 763 2680 libro
780 2639 870 2696 quem
889 2621 928 2680 ad
944 2619 1115 2697 Philippum

69 2741 100 2791 ²5
115 2721 317 2780 Macedonem
339 2718 463 2797 scripsit,
486 2739 556 2778 cum
581 2717 640 2778 iarn
662 2718 829 2777 admodum
850 2729 929 2778 esset
949 2723 1057 2792 senex3
1084 2717 1116 2776 in

113 2836 176 2895 quo
186 2815 259 2877 dicit
273 2835 338 2876 sese
353 2815 451 2877 minus
466 2816 525 2876 ianr
539 2815 647 2877 servire
662 2814 793 2875 numeris
803 2835 894 2893 quam
910 2814 1014 2875 solitus
1028 2827 1114 2875 esset.

114 2917 162 2974 lta
176 2933 237 2974 non
252 2915 346 2975 modo
360 2914 526 2993 superiores
540 2916 594 2975 sed
608 2914 698 2975 etiarn
713 2932 745 2973 se
759 2912 823 2990 ipse
837 2924 1009 2973 correxerat.

155 3011 307 3087 Quoniam
333 3011 420 3089 igitur
444 3013 591 3073 habemus
614 3023 702 3090 aptae
726 3009 868 3071 orationis
892 3029 944 3070 eos
966 3008 1115 3088 principes
1128 2994 1168 3095 53

113 3120 311 3185 auctoresque
325 3129 401 3187 quos
420 3109 550 3170 diximus
568 3120 599 3170 et
616 3107 699 3186 origo
718 3106 839 3167 inventa
855 3119 907 3179 est,
924 3126 1014 3167 causa
1028 3127 1116 3185 quae·
1131 3084 1177 3138 ¹7²

69 3231 101 3280 30
113 3218 201 3267 ratur.
245 3208 331 3282 Quae
350 3206 393 3268 sic
411 3218 513 3285 aperta
532 3200 587 3282 est,
601 3218 634 3266 ut
648 3199 737 3266 inirer
750 3216 864 3266 veteres
880 3225 942 3266 non
957 3224 1023 3266 esse
1037 3225 1117 3266 com·

146 3369 233 3424 atum
254 3362 304 3411 AL
323 3362 376 3412 sal.
397 3362 524 3414 Eussner:
548 3365 598 3412 iarn
616 3361 725 3425 Stangl:
749 3363 826 3410 etiam
846 3359 989 3425 Stegmann
1100 3379 1116 3422 4

115 3427 286 3484 utereturA:
304 3426 469 3477 uteremurL
575 3445 591 3490 9
608 3428 704 3490 scripta
715 3425 784 3476 AL:
801 3435 897 3476 structa
908 3425 978 3474 Bake
1086 3441 1114 3476 11

114 3493 140 3540 id
152 3491 179 3541 A
191 3509 197 3542 ε
215 3494 282 3541 idem
296 3493 317 3541 L
417 3509 451 3541 ao
467 3502 553 3543 tamen
571 3509 628 3542 cum
639 3493 665 3540 A
678 3510 684 3542 :
701 3506 759 3542 curu
772 3499 856 3541 tamen
870 3490 893 3540 L
905 3491 994 3554 Rufin.
1083 3506 1116 3552 23

114 3558 246 3607 relaxabat
257 3558 301 3606 Ka
315 3574 369 3607 ser:
387 3561 514 3608 relaxaret
525 3558 551 3606 A
565 3577 571 3608 ε
589 3560 717 3607 relaxarat
729 3556 752 3604 L
836 3573 868 3622 aq
886 3563 1034 3607 correxerat
1045 3555 1115 3607 AL:

113 3625 227 3674 correxit
299 3659 306 3673 .
320 3623 376 3675 dett.
475 3638 510 3686 30
527 3631 631 3674 veteres
642 3640 674 3673 ea
685 3623 784 3686 Kayser
808 3686 810 3690 y
