2588 4178
560 207 726 267 BRVTVS
1106 224 1142 269 ro
1156 234 1186 284 39

139 376 182 434 ad
197 375 376 435 hodiernum
391 375 482 436 diem.
525 377 592 436 Nec
605 387 706 437 tamen
721 377 828 438 dubito
843 376 915 455 quin
930 377 1066 438 habuerit
1080 377 1141 438 vim

142 493 282 549 magnam
297 492 414 551 semper
427 472 529 533 oratio
573 476 682 551 Neque
699 475 777 534 enim
798 475 857 534 iam
871 475 987 535 Troicis
1005 475 1141 553 tempori·
1154 504 1188 554 40

142 571 201 629 bus
221 581 336 629 tantum
358 571 454 630 laudis
474 571 504 629 iu
524 571 655 632 dicendo
672 571 750 631 Vlixi
770 572 920 633 tribuisset
940 575 1093 632 Homerus
1113 585 1142 633 et

143 667 276 741 Nestori,
290 687 417 744 quorum
436 671 562 728 alterum
579 669 639 728 vim
661 671 771 731 habere
788 670 889 742 voluit,
904 671 1028 730 alterum
1050 670 1143 730 suavi-

112 775 245 837 5tatem,
268 765 325 824 nisi
345 765 405 824 iam
427 777 490 824 tum
511 778 589 827 esset
610 768 707 827 honos
729 768 935 843 eloquentiae,
960 787 1057 844 neque
1079 768 1142 845 ipse

142 872 235 938 poeta
254 862 302 921 hic
324 873 384 922 tam
407 861 513 944 [idem]
535 877 656 924 ornatus
676 864 706 924 in
728 864 858 926 dicendo
879 886 914 926 ac
936 868 1023 943 plane
1045 877 1143 925 orator

143 959 257 1019 fuisset.
314 960 407 1022 Cuius
435 961 490 1020 etsi
519 962 632 1022 incerta
658 975 728 1021 sunt
756 975 898 1040 tempora,
929 974 1028 1022 tamen
1056 963 1142 1021 annis

143 1057 246 1116 multis
261 1057 316 1118 fuit
329 1071 399 1118 ante
414 1061 598 1134 Romulum;
619 1059 643 1119 si
658 1060 780 1137 quidem
796 1080 857 1120 non
872 1060 947 1119 infra
961 1060 1141 1136 superiorem

144 1157 315 1232 Lycurgum
348 1156 411 1228 fuit,
440 1177 458 1216 a
485 1177 548 1234 quo
575 1169 621 1218 est
649 1158 806 1234 disciplina
835 1157 1143 1218 Lacedaemoniorum

98 1279 130 1312 10
143 1252 264 1312 astricta
291 1253 414 1331 legibus.
458 1257 518 1315 Sed
543 1255 675 1315 studium
699 1255 762 1315 eius
784 1256 899 1333 generis
921 1255 1075 1333 maiorque
1099 1254 1142 1314 vis
1155 1275 1186 1327 4¹

143 1351 315 1428 agnoscitur
338 1352 368 1410 in
394 1352 555 1413 Pisistrato.
600 1353 739 1430 Denique
762 1355 843 1413 hunc
865 1354 1001 1431 proximo
1023 1354 1143 1412 saeculo

144 1449 366 1510 Themistocles
391 1449 542 1510 insecutus
565 1462 617 1523 est,
641 1463 673 1510 ut
694 1453 775 1528 apud
800 1472 863 1523 nos,
887 1451 1087 1529 perantiquus,
1111 1462 1144 1509 ut

143 1550 227 1625 apud
241 1548 442 1620 Atheniensis,
458 1569 519 1608 non
538 1549 578 1608 ita
597 1569 668 1609 sane
683 1562 775 1610 vetus,
820 1550 888 1609 Fuit
905 1549 985 1609 enim
1002 1559 1144 1626 regnante

144 1647 204 1706 iam
221 1646 353 1718 Graecia,
367 1658 467 1707 nostra
481 1659 580 1706 autem
595 1646 713 1707 civitate
728 1669 789 1707 non
804 1647 845 1706 ita
858 1647 972 1724 pridem
988 1647 1144 1707 dominatu

100 1766 129 1815 15
145 1744 228 1820 regio
249 1743 380 1804 liberata
423 1746 503 1803 Nam
522 1745 633 1805 bellum
648 1748 827 1805 Volscorum
841 1746 915 1805 illud
929 1744 1145 1823 gravissimum,

145 1840 195 1901 cui
210 1841 387 1901 Coriolanus
402 1845 484 1902 exsul
502 1842 641 1916 interfuit,
657 1846 764 1903 eodem
781 1846 840 1903 fere
855 1855 988 1920 tempore
1003 1863 1064 1919 quo
1080 1845 1146 1901 Per-

144 1959 245 1999 sarum
264 1940 374 1999 bellum
394 1940 456 2013 fuit,
473 1940 637 2018 similisque
655 1944 773 2001 fortuna
792 1945 936 2001 clarorum
953 1941 1099 2012 viromm3
1121 1938 1145 1997 si
1158 1960 1189 2007 4¹

146 2036 270 2113 quidem
293 2049 417 2114 uterque
438 2058 507 2098 cum
533 2039 604 2098 civis
627 2039 760 2116 egregius
783 2039 893 2113 fuisset,
916 2038 1019 2118 populi
1040 2036 1145 2113 ingrati

146 2137 251 2212 pulsus
268 2134 374 2195 iniuria
393 2157 425 2196 se
441 2139 480 2196 ad
501 2137 594 2197 hostis
611 2137 737 2197 contulit
756 2148 959 2214 conatumque
976 2133 1145 2194 iracundiae

101 2255 133 2288 20
147 2252 221 2291 suae
235 2245 330 2292 morte
345 2234 467 2293 sedavit.
511 2237 589 2294 Nam
605 2235 659 2295 etsi
677 2236 761 2294 aliter
774 2237 855 2312 apud
871 2246 900 2293 te
914 2245 969 2306 est,
983 2232 1091 2304 Attice,
1108 2233 1146 2291 de

148 2328 320 2402 Coriolan0,
336 2333 470 2390 concede
485 2344 585 2392 tamen
600 2344 632 2391 ut
649 2332 719 2392 huic
737 2332 837 2409 generi
858 2331 960 2392 mortis
980 2330 1078 2407 potius
1097 2330 1146 2389 ad·

148 2427 266 2487 sentiar.
293 2431 334 2487 At
342 2428 391 2488 ille
401 2429 500 2489 ridens
512 2452 518 2487 ε
540 2432 608 2489 Tuo
617 2451 694 2502 vero,
706 2430 810 2507 inquit,
822 2430 962 2490 arbitratu
974 2452 981 2502 3
1003 2427 1144 2505 quoniam
1160 2436 1188 2479 11

149 2525 272 2603 quidem
294 2545 470 2586 concessum
492 2540 538 2588 est
558 2529 725 2590 rhetoribus
747 2529 883 2590 ementiri
904 2528 934 2587 in
956 2527 1092 2597 historiis,
1114 2537 1147 2585 ut

148 2623 262 2700 aliquid
277 2623 376 2684 dicere
395 2625 511 2702 possint
524 2627 662 2704 argutius.
700 2631 741 2686 Vt
755 2627 835 2687 enim
851 2639 882 2686 tu
898 2617 978 2685 nunc
993 2628 1031 2685 de
1046 2623 1147 2685 Corio·

103 2749 133 2798 ²5
148 2725 227 2795 lanu,
250 2720 292 2781 sic
318 2722 494 2796 Clitarchus,
516 2724 558 2783 sic
583 2726 741 2784 Stratocles
766 2726 805 2784 dc
826 2723 1029 2789 Themistocle
1054 2721 1146 2781 finxit.

149 2823 230 2880 Nam
244 2840 335 2897 quem
349 2821 552 2898 Thucydides,
569 2822 619 2899 qui
641 2834 670 2881 et
685 2821 877 2882 Atheniensis
898 2833 960 2881 erat
978 2833 1008 2881 et
1029 2839 1147 2879 summo
1161 2834 1193 2881 43

149 2920 218 2979 loco
232 2930 319 2977 natus
334 2938 528 2997 summusque
542 2919 585 2978 vir
599 2931 629 2980 et
643 2922 733 2998 paulo
749 2931 845 2980 aetate
863 2919 1015 2996 posterior,
1032 2929 1148 2977 tanturn

149 3019 246 3076 morbo
260 3029 410 3077 mortuum
426 3017 542 3094 scripsit
558 3017 632 3077 etin
647 3016 748 3077 Attica
761 3019 838 3078 clam
854 3020 1017 3088 humatum,
1033 3015 1150 3076 addidit

183 3190 198 3235 5
217 3173 378 3235 eloquentiae
392 3173 446 3222 6²:
463 3174 609 3234 eloquentia
622 3174 643 3221 L
734 3186 758 3234 5,
770 3175 786 3220 6
803 3173 859 3233 ipse
871 3178 946 3233 poeta
958 3171 998 3218 hic
1011 3178 1062 3218 tem
1080 3170 1147 3217 idern

149 3277 155 3290 .
167 3276 173 3290 .
185 3277 191 3289 .
203 3247 289 3288 orator
299 3240 338 3287 L:
355 3240 403 3301 ipsi
416 3247 508 3300 poetae
520 3241 561 3286 hic
573 3241 622 3287 iem
636 3240 704 3287 idem
716 3274 722 3287 .
737 3275 744 3287 .
758 3273 764 3286 .
778 3239 872 3286 oratori
881 3236 1000 3285 Martha:
1020 3236 1087 3283 idem
1096 3235 1148 3283 secl.

149 3305 296 3354 Eberhard:
313 3306 440 3353 interdum
451 3306 541 3352 maluit
551 3303 646 3366 Stangl
656 3322 661 3352 :
679 3303 820 3352 identidem
829 3302 957 3351 Baehrens
1030 3316 1057 3348 11
1077 3301 1149 3349 deni·

149 3386 200 3432 que
219 3372 287 3418 hunc
306 3371 345 3418 L:
371 3372 480 3419 demum.
502 3370 580 3417 Hunc
591 3370 676 3417 Bake:
694 3370 802 3417 demum.
821 3383 897 3429 quem
914 3365 1006 3415 Simon
1119 3380 1148 3424 14

150 3437 251 3485 Graeca
270 3436 361 3483 maluit
376 3436 449 3494 Jahn
557 3451 590 3482 20
607 3442 647 3482 est
668 3436 736 3496 apud
757 3441 782 3482 te
800 3431 909 3481 BGHM
1012 3433 1044 3478 28
1061 3431 1148 3478 morbo

149 3502 247 3559 addedd
263 3502 360 3565 Teuffel,
374 3502 474 3549 ducente
489 3500 627 3562 Thucydide
638 3501 653 3550 i.
667 3502 713 3561 138
787 3500 885 3547 eddidit
897 3499 922 3546 F
921 3495 984 3546 06:
1002 3497 1150 3558 addiditque

149 3568 248 3628 Kayser
