<?xml version="1.0" encoding="UTF-8"?>
<!DOCTYPE html PUBLIC "-//W3C//DTD XHTML 1.0 Transitional//EN"
    "http://www.w3.org/TR/xhtml1/DTD/xhtml1-transitional.dtd">
<html xmlns="http://www.w3.org/1999/xhtml" xml:lang="en" lang="en">
 <head>
  <title>
</title>
<meta http-equiv="Content-Type" content="text/html;charset=utf-8" />
  <meta name='ocr-system' content='tesseract 3.04.00' />
  <meta name='ocr-capabilities' content='ocr_page ocr_carea ocr_par ocr_line ocrx_word'/>
</head>
<body>
  <div class='ocr_page' id='page_1' title='image "./mtvlliciceronis00wilkgoog_0184.png"; bbox 0 0 2588 4178; ppageno 0'>
   <div class='ocr_carea' id='block_1_1' title="bbox 136 207 921 285">
    <p class='ocr_par' dir='ltr' id='par_1_1' title="bbox 136 207 921 285">
     <span class='ocr_line' id='line_1_1' title="bbox 136 207 921 285; baseline -0.006 -13"><span class='ocrx_word' id='word_1_1' title='bbox 136 213 178 285; x_wconf 86' lang='lat'>⁵6</span> <span class='ocrx_word' id='word_1_2' title='bbox 193 219 240 285; x_wconf 80' lang='lat'>189</span> <span class='ocrx_word' id='word_1_3' title='bbox 458 210 501 268; x_wconf 89' lang='lat' dir='ltr'>M.</span> <span class='ocrx_word' id='word_1_4' title='bbox 531 209 659 268; x_wconf 75' lang='lat' dir='ltr'>Tuum</span> <span class='ocrx_word' id='word_1_5' title='bbox 688 207 921 270; x_wconf 74' lang='lat' dir='ltr'>crcunorus</span> 
     </span>
    </p>
   </div>
   <div class='ocr_carea' id='block_1_2' title="bbox 131 368 1242 2988">
    <p class='ocr_par' dir='ltr' id='par_1_2' title="bbox 131 368 1242 1619">
     <span class='ocr_line' id='line_1_2' title="bbox 131 368 1195 456; baseline -0.002 -22"><span class='ocrx_word' id='word_1_6' title='bbox 131 376 280 450; x_wconf 71' lang='lat' dir='ltr'>molonga</span> <span class='ocrx_word' id='word_1_7' title='bbox 300 371 392 432; x_wconf 92' lang='lat' dir='ltr'>animi</span> <span class='ocrx_word' id='word_1_8' title='bbox 413 371 582 450; x_wconf 88' lang='lat' dir='ltr'>provisione</span> <span class='ocrx_word' id='word_1_9' title='bbox 603 372 787 450; x_wconf 86' lang='lat' dir='ltr'>fugiendum.</span> <span class='ocrx_word' id='word_1_10' title='bbox 832 371 929 450; x_wconf 87' lang='lat' dir='ltr'><strong>Elegit</strong></span> <span class='ocrx_word' id='word_1_11' title='bbox 951 393 986 433; x_wconf 88' lang='lat' dir='ltr'>ex</span> <span class='ocrx_word' id='word_1_12' title='bbox 1001 372 1109 456; x_wconf 31' lang='lat' dir='ltr'>&#39;multis</span> <span class='ocrx_word' id='word_1_13' title='bbox 1131 368 1195 433; x_wconf 74' lang='lat' dir='ltr'>Iso</span> 
     </span>
     <span class='ocr_line' id='line_1_3' title="bbox 191 469 1195 548; baseline -0.001 -18"><span class='ocrx_word' id='word_1_14' title='bbox 191 469 263 530; x_wconf 90' lang='lat' dir='ltr'>crati</span> <span class='ocrx_word' id='word_1_15' title='bbox 277 469 491 548; x_wconf 71' lang='lat' dir='ltr'>libristriginta</span> <span class='ocrx_word' id='word_1_16' title='bbox 505 472 629 530; x_wconf 84' lang='lat' dir='ltr'>fortasse</span> <span class='ocrx_word' id='word_1_17' title='bbox 642 490 744 530; x_wconf 91' lang='lat' dir='ltr'>versus</span> <span class='ocrx_word' id='word_1_18' title='bbox 759 469 963 546; x_wconf 87' lang='lat' dir='ltr'>Hieronymus</span> <span class='ocrx_word' id='word_1_19' title='bbox 979 469 1195 548; x_wconf 83' lang='lat' dir='ltr'><strong>Peripateticus</strong></span> 
     </span>
     <span class='ocr_line' id='line_1_4' title="bbox 191 566 1195 645; baseline 0.001 -20"><span class='ocrx_word' id='word_1_20' title='bbox 191 566 222 626; x_wconf 93' lang='lat' dir='ltr'>in</span> <span class='ocrx_word' id='word_1_21' title='bbox 236 566 338 644; x_wconf 91' lang='lat' dir='ltr'>primis</span> <span class='ocrx_word' id='word_1_22' title='bbox 356 567 473 640; x_wconf 93' lang='lat' dir='ltr'>nobilis,</span> <span class='ocrx_word' id='word_1_23' title='bbox 489 569 648 645; x_wconf 90' lang='lat' dir='ltr'>plerosque</span> <span class='ocrx_word' id='word_1_24' title='bbox 667 567 808 641; x_wconf 88' lang='lat' dir='ltr'>senarios,</span> <span class='ocrx_word' id='word_1_25' title='bbox 822 570 876 628; x_wconf 91' lang='lat' dir='ltr'>sed</span> <span class='ocrx_word' id='word_1_26' title='bbox 890 567 979 628; x_wconf 91' lang='lat' dir='ltr'>etiarn</span> <span class='ocrx_word' id='word_1_27' title='bbox 997 578 1195 644; x_wconf 82' lang='lat' dir='ltr'>anapaestos3</span> 
     </span>
     <span class='ocr_line' id='line_1_5' title="bbox 191 663 1196 742; baseline -0.001 -19"><span class='ocrx_word' id='word_1_28' title='bbox 191 683 253 741; x_wconf 90' lang='lat' dir='ltr'>quo</span> <span class='ocrx_word' id='word_1_29' title='bbox 272 663 344 740; x_wconf 92' lang='lat' dir='ltr'>quid</span> <span class='ocrx_word' id='word_1_30' title='bbox 366 675 464 742; x_wconf 90' lang='lat' dir='ltr'>potest</span> <span class='ocrx_word' id='word_1_31' title='bbox 485 684 551 724; x_wconf 93' lang='lat' dir='ltr'>esse</span> <span class='ocrx_word' id='word_1_32' title='bbox 572 663 708 742; x_wconf 87' lang='lat' dir='ltr'>turpius?</span> <span class='ocrx_word' id='word_1_33' title='bbox 743 664 806 724; x_wconf 89' lang='lat' dir='ltr'>Etsi</span> <span class='ocrx_word' id='word_1_34' title='bbox 826 664 857 723; x_wconf 93' lang='lat' dir='ltr'>in</span> <span class='ocrx_word' id='word_1_35' title='bbox 874 666 1002 742; x_wconf 86' lang='lat' dir='ltr'>legendo</span> <span class='ocrx_word' id='word_1_36' title='bbox 1023 663 1093 724; x_wconf 86' lang='lat' dir='ltr'>fecit</span> <span class='ocrx_word' id='word_1_37' title='bbox 1112 663 1196 723; x_wconf 89' lang='lat' dir='ltr'>mali·</span> 
     </span>
     <span class='ocr_line' id='line_1_6' title="bbox 191 760 1224 839; baseline -0.001 -18"><span class='ocrx_word' id='word_1_38' title='bbox 191 761 285 835; x_wconf 90' lang='lat' dir='ltr'>tiose;</span> <span class='ocrx_word' id='word_1_39' title='bbox 304 760 399 838; x_wconf 91' lang='lat' dir='ltr'>prima</span> <span class='ocrx_word' id='word_1_40' title='bbox 412 761 493 821; x_wconf 88' lang='lat' dir='ltr'>enim</span> <span class='ocrx_word' id='word_1_41' title='bbox 508 762 620 838; x_wconf 89' lang='lat' dir='ltr'>syllaba</span> <span class='ocrx_word' id='word_1_42' title='bbox 630 762 753 839; x_wconf 88' lang='lat' dir='ltr'>dempta</span> <span class='ocrx_word' id='word_1_43' title='bbox 766 782 802 821; x_wconf 86' lang='lat' dir='ltr'>ex</span> <span class='ocrx_word' id='word_1_44' title='bbox 815 761 912 839; x_wconf 89' lang='lat' dir='ltr'>primo</span> <span class='ocrx_word' id='word_1_45' title='bbox 922 762 1014 822; x_wconf 91' lang='lat' dir='ltr'>verbo</span> <span class='ocrx_word' id='word_1_46' title='bbox 1028 761 1196 821; x_wconf 89' lang='lat' dir='ltr'>sententiae</span> <span class='ocrx_word' id='word_1_47' title='bbox 1210 783 1224 832; x_wconf 89' lang='lat'><strong>5</strong></span> 
     </span>
     <span class='ocr_line' id='line_1_7' title="bbox 192 857 1196 936; baseline -0.001 -18"><span class='ocrx_word' id='word_1_48' title='bbox 192 869 376 936; x_wconf 90' lang='lat' dir='ltr'>postremum</span> <span class='ocrx_word' id='word_1_49' title='bbox 401 861 440 918; x_wconf 91' lang='lat' dir='ltr'>ad</span> <span class='ocrx_word' id='word_1_50' title='bbox 462 858 585 919; x_wconf 91' lang='lat' dir='ltr'>verbum</span> <span class='ocrx_word' id='word_1_51' title='bbox 610 859 736 936; x_wconf 90' lang='lat' dir='ltr'>primam</span> <span class='ocrx_word' id='word_1_52' title='bbox 764 877 863 919; x_wconf 87' lang='lat' dir='ltr'>rursus</span> <span class='ocrx_word' id='word_1_53' title='bbox 890 859 1034 936; x_wconf 83' lang='lat' dir='ltr'>syllabam</span> <span class='ocrx_word' id='word_1_54' title='bbox 1058 857 1196 918; x_wconf 90' lang='lat' dir='ltr'>adiunxit</span> 
     </span>
     <span class='ocr_line' id='line_1_8' title="bbox 192 955 1195 1034; baseline 0 -20"><span class='ocrx_word' id='word_1_55' title='bbox 192 955 376 1033; x_wconf 90' lang='lat' dir='ltr'>insequentis</span> <span class='ocrx_word' id='word_1_56' title='bbox 404 955 569 1016; x_wconf 89' lang='lat' dir='ltr'>sententiae</span> <span class='ocrx_word' id='word_1_57' title='bbox 580 978 588 1031; x_wconf 90' lang='lat'>;</span> <span class='ocrx_word' id='word_1_58' title='bbox 620 955 661 1016; x_wconf 86' lang='lat' dir='ltr'>ita</span> <span class='ocrx_word' id='word_1_59' title='bbox 687 959 783 1016; x_wconf 84' lang='lat' dir='ltr'>factus</span> <span class='ocrx_word' id='word_1_60' title='bbox 811 968 856 1016; x_wconf 89' lang='lat' dir='ltr'>est</span> <span class='ocrx_word' id='word_1_61' title='bbox 882 966 1060 1034; x_wconf 85' lang='lat' dir='ltr'>anapaestus</span> <span class='ocrx_word' id='word_1_62' title='bbox 1088 955 1113 1015; x_wconf 90' lang='lat' dir='ltr'>is</span> <span class='ocrx_word' id='word_1_63' title='bbox 1142 956 1195 1033; x_wconf 94' lang='lat' dir='ltr'>qui</span> 
     </span>
     <span class='ocr_line' id='line_1_9' title="bbox 192 1051 1196 1130; baseline 0 -17"><span class='ocrx_word' id='word_1_64' title='bbox 192 1051 429 1130; x_wconf 86' lang='lat' dir='ltr'>Aristophaneus</span> <span class='ocrx_word' id='word_1_65' title='bbox 448 1053 619 1114; x_wconf 91' lang='lat' dir='ltr'>nominatur</span> <span class='ocrx_word' id='word_1_66' title='bbox 629 1075 638 1128; x_wconf 89' lang='lat'>;</span> <span class='ocrx_word' id='word_1_67' title='bbox 666 1055 808 1130; x_wconf 92' lang='lat' dir='ltr'>quodne</span> <span class='ocrx_word' id='word_1_68' title='bbox 828 1052 945 1113; x_wconf 89' lang='lat' dir='ltr'>accidat</span> <span class='ocrx_word' id='word_1_69' title='bbox 965 1053 1116 1113; x_wconf 87' lang='lat' dir='ltr'>observari</span> <span class='ocrx_word' id='word_1_70' title='bbox 1136 1073 1196 1114; x_wconf 92' lang='lat' dir='ltr'>nec</span> 
     </span>
     <span class='ocr_line' id='line_1_10' title="bbox 170 1150 1195 1228; baseline 0.001 -19"><span class='ocrx_word' id='word_1_71' title='bbox 170 1215 171 1218; x_wconf 8' lang='grc' dir='ltr'><strong>Ἴ</strong></span> <span class='ocrx_word' id='word_1_72' title='bbox 193 1161 291 1227; x_wconf 90' lang='lat' dir='ltr'>potest</span> <span class='ocrx_word' id='word_1_73' title='bbox 306 1171 362 1210; x_wconf 89' lang='lat' dir='ltr'>nec</span> <span class='ocrx_word' id='word_1_74' title='bbox 379 1170 502 1210; x_wconf 91' lang='lat' dir='ltr'>necesse</span> <span class='ocrx_word' id='word_1_75' title='bbox 518 1161 571 1211; x_wconf 91' lang='lat' dir='ltr'>est.</span> <span class='ocrx_word' id='word_1_76' title='bbox 615 1152 675 1212; x_wconf 87' lang='lat' dir='ltr'>Sed</span> <span class='ocrx_word' id='word_1_77' title='bbox 689 1163 790 1211; x_wconf 90' lang='lat' dir='ltr'>tamen</span> <span class='ocrx_word' id='word_1_78' title='bbox 804 1150 853 1210; x_wconf 91' lang='lat' dir='ltr'>hic</span> <span class='ocrx_word' id='word_1_79' title='bbox 867 1162 1015 1210; x_wconf 91' lang='lat' dir='ltr'>corrector</span> <span class='ocrx_word' id='word_1_80' title='bbox 1029 1150 1060 1217; x_wconf 91' lang='lat' dir='ltr'>in</span> <span class='ocrx_word' id='word_1_81' title='bbox 1075 1171 1112 1210; x_wconf 91' lang='lat' dir='ltr'>eo</span> <span class='ocrx_word' id='word_1_82' title='bbox 1126 1150 1195 1228; x_wconf 92' lang='lat' dir='ltr'>ipso</span> 
     </span>
     <span class='ocr_line' id='line_1_11' title="bbox 193 1247 1242 1326; baseline 0.002 -20"><span class='ocrx_word' id='word_1_83' title='bbox 193 1250 261 1308; x_wconf 93' lang='lat' dir='ltr'>loco</span> <span class='ocrx_word' id='word_1_84' title='bbox 272 1268 333 1325; x_wconf 90' lang='lat' dir='ltr'>quo</span> <span class='ocrx_word' id='word_1_85' title='bbox 344 1248 541 1326; x_wconf 80' lang='lat' dir='ltr'>reprehendit,</span> <span class='ocrx_word' id='word_1_86' title='bbox 554 1259 615 1308; x_wconf 91' lang='lat' dir='ltr'>uta</span> <span class='ocrx_word' id='word_1_87' title='bbox 627 1269 675 1309; x_wconf 91' lang='lat' dir='ltr'>me</span> <span class='ocrx_word' id='word_1_88' title='bbox 688 1248 822 1308; x_wconf 91' lang='lat' dir='ltr'>animum</span> <span class='ocrx_word' id='word_1_89' title='bbox 834 1250 991 1308; x_wconf 90' lang='lat' dir='ltr'>adversum</span> <span class='ocrx_word' id='word_1_90' title='bbox 1003 1259 1048 1308; x_wconf 90' lang='lat' dir='ltr'>est</span> <span class='ocrx_word' id='word_1_91' title='bbox 1059 1247 1195 1308; x_wconf 91' lang='lat' dir='ltr'>studiose</span> <span class='ocrx_word' id='word_1_92' title='bbox 1211 1272 1242 1310; x_wconf 87' lang='lat'>10</span> 
     </span>
     <span class='ocr_line' id='line_1_12' title="bbox 192 1343 1195 1423; baseline -0.001 -19"><span class='ocrx_word' id='word_1_93' title='bbox 192 1344 360 1422; x_wconf 89' lang='lat' dir='ltr'>inquirente</span> <span class='ocrx_word' id='word_1_94' title='bbox 376 1344 407 1404; x_wconf 90' lang='lat' dir='ltr'>in</span> <span class='ocrx_word' id='word_1_95' title='bbox 427 1365 507 1419; x_wconf 89' lang='lat' dir='ltr'>eurn,</span> <span class='ocrx_word' id='word_1_96' title='bbox 521 1345 654 1405; x_wconf 86' lang='lat' dir='ltr'>immittit</span> <span class='ocrx_word' id='word_1_97' title='bbox 671 1345 844 1423; x_wconf 90' lang='lat' dir='ltr'>imprudens</span> <span class='ocrx_word' id='word_1_98' title='bbox 863 1345 927 1423; x_wconf 90' lang='lat' dir='ltr'>ipse</span> <span class='ocrx_word' id='word_1_99' title='bbox 948 1343 1105 1404; x_wconf 89' lang='lat' dir='ltr'>senarium.</span> <span class='ocrx_word' id='word_1_100' title='bbox 1150 1343 1195 1404; x_wconf 90' lang='lat' dir='ltr'>Sit</span> 
     </span>
     <span class='ocr_line' id='line_1_13' title="bbox 193 1442 1195 1521; baseline 0 -20"><span class='ocrx_word' id='word_1_101' title='bbox 193 1442 281 1521; x_wconf 90' lang='lat' dir='ltr'>igitur</span> <span class='ocrx_word' id='word_1_102' title='bbox 295 1445 353 1504; x_wconf 92' lang='lat' dir='ltr'>hoc</span> <span class='ocrx_word' id='word_1_103' title='bbox 371 1443 523 1520; x_wconf 87' lang='lat' dir='ltr'>cognitum</span> <span class='ocrx_word' id='word_1_104' title='bbox 541 1443 572 1503; x_wconf 92' lang='lat' dir='ltr'>in</span> <span class='ocrx_word' id='word_1_105' title='bbox 592 1442 696 1503; x_wconf 92' lang='lat' dir='ltr'>solutis</span> <span class='ocrx_word' id='word_1_106' title='bbox 715 1443 804 1503; x_wconf 91' lang='lat' dir='ltr'>etiam</span> <span class='ocrx_word' id='word_1_107' title='bbox 821 1442 918 1504; x_wconf 89' lang='lat' dir='ltr'>verbis</span> <span class='ocrx_word' id='word_1_108' title='bbox 937 1442 1035 1503; x_wconf 89' lang='lat' dir='ltr'>inesse</span> <span class='ocrx_word' id='word_1_109' title='bbox 1052 1461 1195 1502; x_wconf 90' lang='lat' dir='ltr'>numeros</span> 
     </span>
     <span class='ocr_line' id='line_1_14' title="bbox 193 1539 883 1619; baseline -0.001 -19"><span class='ocrx_word' id='word_1_110' title='bbox 193 1543 377 1619; x_wconf 90' lang='lat' dir='ltr'>eosdemque</span> <span class='ocrx_word' id='word_1_111' title='bbox 390 1561 456 1602; x_wconf 90' lang='lat' dir='ltr'>esse</span> <span class='ocrx_word' id='word_1_112' title='bbox 470 1541 613 1602; x_wconf 87' lang='lat' dir='ltr'>oratorios</span> <span class='ocrx_word' id='word_1_113' title='bbox 627 1541 679 1618; x_wconf 93' lang='lat' dir='ltr'>qui</span> <span class='ocrx_word' id='word_1_114' title='bbox 693 1541 752 1601; x_wconf 94' lang='lat' dir='ltr'>sint</span> <span class='ocrx_word' id='word_1_115' title='bbox 765 1539 883 1618; x_wconf 87' lang='lat' dir='ltr'>poetici.</span> 
     </span>
    </p>

    <p class='ocr_par' dir='ltr' id='par_1_3' title="bbox 141 1616 1193 1717">
     <span class='ocr_line' id='line_1_15' title="bbox 141 1616 1193 1717; baseline -0.004 -17"><span class='ocrx_word' id='word_1_116' title='bbox 141 1616 179 1678; x_wconf 82' lang='lat'>5⁷</span> <span class='ocrx_word' id='word_1_117' title='bbox 229 1639 374 1717; x_wconf 68' lang='lat' dir='ltr'>vSequitur</span> <span class='ocrx_word' id='word_1_118' title='bbox 387 1659 457 1717; x_wconf 86' lang='lat' dir='ltr'>ergo</span> <span class='ocrx_word' id='word_1_119' title='bbox 474 1650 507 1699; x_wconf 93' lang='lat' dir='ltr'>ut</span> <span class='ocrx_word' id='word_1_120' title='bbox 522 1639 573 1716; x_wconf 91' lang='lat' dir='ltr'>qui</span> <span class='ocrx_word' id='word_1_121' title='bbox 592 1639 721 1700; x_wconf 89' lang='lat' dir='ltr'>maxime</span> <span class='ocrx_word' id='word_1_122' title='bbox 737 1640 846 1699; x_wconf 90' lang='lat' dir='ltr'>cadant</span> <span class='ocrx_word' id='word_1_123' title='bbox 859 1637 890 1696; x_wconf 94' lang='lat' dir='ltr'>in</span> <span class='ocrx_word' id='word_1_124' title='bbox 907 1637 1073 1698; x_wconf 90' lang='lat' dir='ltr'>orationem</span> <span class='ocrx_word' id='word_1_125' title='bbox 1090 1648 1193 1715; x_wconf 89' lang='lat' dir='ltr'>aptam</span> 
     </span>
    </p>

    <p class='ocr_par' dir='ltr' id='par_1_4' title="bbox 135 1710 1241 2305">
     <span class='ocr_line' id='line_1_16' title="bbox 135 1710 1240 1821; baseline -0.002 -24"><span class='ocrx_word' id='word_1_126' title='bbox 135 1710 178 1760; x_wconf 69' lang='lat'>¹⁹¹</span> <span class='ocrx_word' id='word_1_127' title='bbox 193 1737 309 1797; x_wconf 89' lang='lat' dir='ltr'>numeri</span> <span class='ocrx_word' id='word_1_128' title='bbox 330 1737 494 1798; x_wconf 88' lang='lat' dir='ltr'>videndum</span> <span class='ocrx_word' id='word_1_129' title='bbox 519 1736 565 1797; x_wconf 91' lang='lat' dir='ltr'>sit.</span> <span class='ocrx_word' id='word_1_130' title='bbox 612 1739 688 1798; x_wconf 90' lang='lat' dir='ltr'>Sunt</span> <span class='ocrx_word' id='word_1_131' title='bbox 709 1736 790 1797; x_wconf 91' lang='lat' dir='ltr'>enim</span> <span class='ocrx_word' id='word_1_132' title='bbox 813 1735 864 1813; x_wconf 92' lang='lat' dir='ltr'>qui</span> <span class='ocrx_word' id='word_1_133' title='bbox 888 1735 1051 1796; x_wconf 89' lang='lat' dir='ltr'>iambicum</span> <span class='ocrx_word' id='word_1_134' title='bbox 1075 1746 1191 1821; x_wconf 87' lang='lat' dir='ltr'>putent,</span> <span class='ocrx_word' id='word_1_135' title='bbox 1210 1767 1240 1818; x_wconf 86' lang='lat'>15</span> 
     </span>
     <span class='ocr_line' id='line_1_17' title="bbox 193 1832 1195 1911; baseline -0.002 -18"><span class='ocrx_word' id='word_1_136' title='bbox 193 1836 276 1911; x_wconf 90' lang='lat' dir='ltr'>quod</span> <span class='ocrx_word' id='word_1_137' title='bbox 296 1834 333 1894; x_wconf 90' lang='lat' dir='ltr'>sit</span> <span class='ocrx_word' id='word_1_138' title='bbox 352 1833 492 1894; x_wconf 91' lang='lat' dir='ltr'>orationis</span> <span class='ocrx_word' id='word_1_139' title='bbox 510 1833 684 1907; x_wconf 86' lang='lat' dir='ltr'>simillimus,</span> <span class='ocrx_word' id='word_1_140' title='bbox 701 1835 814 1911; x_wconf 89' lang='lat' dir='ltr'>quade</span> <span class='ocrx_word' id='word_1_141' title='bbox 833 1852 922 1893; x_wconf 89' lang='lat' dir='ltr'>causa</span> <span class='ocrx_word' id='word_1_142' title='bbox 941 1832 1003 1892; x_wconf 89' lang='lat' dir='ltr'>fieri</span> <span class='ocrx_word' id='word_1_143' title='bbox 1018 1844 1051 1892; x_wconf 94' lang='lat' dir='ltr'>ut</span> <span class='ocrx_word' id='word_1_144' title='bbox 1064 1832 1089 1892; x_wconf 93' lang='lat' dir='ltr'>is</span> <span class='ocrx_word' id='word_1_145' title='bbox 1104 1832 1195 1910; x_wconf 92' lang='lat' dir='ltr'>potis-</span> 
     </span>
     <span class='ocr_line' id='line_1_18' title="bbox 193 1930 1192 2010; baseline -0.001 -20"><span class='ocrx_word' id='word_1_146' title='bbox 193 1931 301 1991; x_wconf 92' lang='lat' dir='ltr'>simum</span> <span class='ocrx_word' id='word_1_147' title='bbox 317 1944 437 2010; x_wconf 89' lang='lat' dir='ltr'>propter</span> <span class='ocrx_word' id='word_1_148' title='bbox 451 1931 675 2005; x_wconf 88' lang='lat' dir='ltr'>similitudinem</span> <span class='ocrx_word' id='word_1_149' title='bbox 690 1931 819 1992; x_wconf 88' lang='lat' dir='ltr'>veritatis</span> <span class='ocrx_word' id='word_1_150' title='bbox 837 1930 1015 1992; x_wconf 92' lang='lat' dir='ltr'>adhibeatur</span> <span class='ocrx_word' id='word_1_151' title='bbox 1029 1931 1059 1989; x_wconf 90' lang='lat' dir='ltr'>in</span> <span class='ocrx_word' id='word_1_152' title='bbox 1074 1930 1192 2004; x_wconf 86' lang='lat' dir='ltr'>fabulis,</span> 
     </span>
     <span class='ocr_line' id='line_1_19' title="bbox 193 2023 1194 2107; baseline -0.001 -19"><span class='ocrx_word' id='word_1_153' title='bbox 193 2031 275 2106; x_wconf 92' lang='lat' dir='ltr'>quod</span> <span class='ocrx_word' id='word_1_154' title='bbox 295 2029 345 2090; x_wconf 90' lang='lat' dir='ltr'>ille</span> <span class='ocrx_word' id='word_1_155' title='bbox 364 2029 526 2107; x_wconf 89' lang='lat' dir='ltr'>dactylicus</span> <span class='ocrx_word' id='word_1_156' title='bbox 547 2033 689 2091; x_wconf 89' lang='lat' dir='ltr'>numerus</span> <span class='ocrx_word' id='word_1_157' title='bbox 710 2023 948 2090; x_wconf 82' lang='lat' dir='ltr'>hexametrorum</span> <span class='ocrx_word' id='word_1_158' title='bbox 970 2028 1194 2106; x_wconf 85' lang='lat' dir='ltr'>magniloquen-</span> 
     </span>
     <span class='ocr_line' id='line_1_20' title="bbox 193 2127 1194 2206; baseline -0.001 -19"><span class='ocrx_word' id='word_1_159' title='bbox 193 2127 251 2188; x_wconf 88' lang='lat' dir='ltr'>tiae</span> <span class='ocrx_word' id='word_1_160' title='bbox 265 2127 303 2188; x_wconf 91' lang='lat' dir='ltr'>sit</span> <span class='ocrx_word' id='word_1_161' title='bbox 316 2128 578 2188; x_wconf 89' lang='lat' dir='ltr'>accommodatior.</span> <span class='ocrx_word' id='word_1_162' title='bbox 615 2130 753 2206; x_wconf 91' lang='lat' dir='ltr'>Ephorus</span> <span class='ocrx_word' id='word_1_163' title='bbox 767 2140 876 2200; x_wconf 88' lang='lat' dir='ltr'>autem,</span> <span class='ocrx_word' id='word_1_164' title='bbox 887 2127 959 2187; x_wconf 91' lang='lat' dir='ltr'>levis</span> <span class='ocrx_word' id='word_1_165' title='bbox 973 2127 1037 2205; x_wconf 92' lang='lat' dir='ltr'>ipse</span> <span class='ocrx_word' id='word_1_166' title='bbox 1051 2138 1150 2186; x_wconf 92' lang='lat' dir='ltr'>orator</span> <span class='ocrx_word' id='word_1_167' title='bbox 1164 2137 1194 2187; x_wconf 90' lang='lat' dir='ltr'>et</span> 
     </span>
     <span class='ocr_line' id='line_1_21' title="bbox 193 2221 1241 2305; baseline 0.005 -21"><span class='ocrx_word' id='word_1_168' title='bbox 193 2227 343 2303; x_wconf 88' lang='lat' dir='ltr'>profectus</span> <span class='ocrx_word' id='word_1_169' title='bbox 365 2246 400 2285; x_wconf 91' lang='lat' dir='ltr'>ex</span> <span class='ocrx_word' id='word_1_170' title='bbox 422 2226 543 2303; x_wconf 87' lang='lat' dir='ltr'>optima</span> <span class='ocrx_word' id='word_1_171' title='bbox 560 2226 725 2305; x_wconf 79' lang='lat' dir='ltr'>disciplina,</span> <span class='ocrx_word' id='word_1_172' title='bbox 741 2245 856 2304; x_wconf 89' lang='lat' dir='ltr'>paeana</span> <span class='ocrx_word' id='word_1_173' title='bbox 876 2224 1015 2302; x_wconf 88' lang='lat' dir='ltr'>sequitur</span> <span class='ocrx_word' id='word_1_174' title='bbox 1027 2221 1079 2284; x_wconf 84' lang='lat' dir='ltr'>&#39;aut</span> <span class='ocrx_word' id='word_1_175' title='bbox 1093 2226 1192 2301; x_wconf 88' lang='lat' dir='ltr'>dacty-</span> <span class='ocrx_word' id='word_1_176' title='bbox 1209 2253 1241 2289; x_wconf 67' lang='grc' dir='ltr'>ιο</span> 
     </span>
    </p>

    <p class='ocr_par' dir='ltr' id='par_1_5' title="bbox 144 2323 1239 2790">
     <span class='ocr_line' id='line_1_22' title="bbox 144 2323 1193 2402; baseline 0 -20"><span class='ocrx_word' id='word_1_177' title='bbox 144 2341 145 2344; x_wconf 71' lang='grc'>’</span> <span class='ocrx_word' id='word_1_178' title='bbox 192 2326 263 2397; x_wconf 86' lang='lat' dir='ltr'>lum,</span> <span class='ocrx_word' id='word_1_179' title='bbox 289 2324 363 2401; x_wconf 85' lang='lat' dir='ltr'>sugit</span> <span class='ocrx_word' id='word_1_180' title='bbox 390 2335 490 2384; x_wconf 89' lang='lat' dir='ltr'>autem</span> <span class='ocrx_word' id='word_1_181' title='bbox 519 2327 688 2402; x_wconf 92' lang='lat' dir='ltr'>spondeum</span> <span class='ocrx_word' id='word_1_182' title='bbox 715 2336 745 2384; x_wconf 92' lang='lat' dir='ltr'>et</span> <span class='ocrx_word' id='word_1_183' title='bbox 767 2325 949 2383; x_wconf 89' lang='lat' dir='ltr'>trochaeum.</span> <span class='ocrx_word' id='word_1_184' title='bbox 994 2324 1085 2398; x_wconf 88' lang='lat' dir='ltr'>Quod</span> <span class='ocrx_word' id='word_1_185' title='bbox 1110 2323 1193 2394; x_wconf 86' lang='lat' dir='ltr'>enim</span> 
     </span>
     <span class='ocr_line' id='line_1_23' title="bbox 192 2420 1194 2499; baseline -0.001 -18"><span class='ocrx_word' id='word_1_186' title='bbox 192 2442 287 2499; x_wconf 90' lang='lat' dir='ltr'>paean</span> <span class='ocrx_word' id='word_1_187' title='bbox 301 2422 432 2482; x_wconf 90' lang='lat' dir='ltr'>habebat</span> <span class='ocrx_word' id='word_1_188' title='bbox 447 2421 503 2482; x_wconf 79' lang='lat' dir='ltr'>tris&#39;</span> <span class='ocrx_word' id='word_1_189' title='bbox 514 2422 621 2496; x_wconf 89' lang='lat' dir='ltr'>brevis,</span> <span class='ocrx_word' id='word_1_190' title='bbox 635 2424 770 2499; x_wconf 92' lang='lat' dir='ltr'>dactylus</span> <span class='ocrx_word' id='word_1_191' title='bbox 789 2432 888 2481; x_wconf 87' lang='lat' dir='ltr'>autern</span> <span class='ocrx_word' id='word_1_192' title='bbox 906 2422 989 2493; x_wconf 91' lang='lat' dir='ltr'>duas,</span> <span class='ocrx_word' id='word_1_193' title='bbox 1006 2420 1149 2480; x_wconf 91' lang='lat' dir='ltr'>brevitate</span> <span class='ocrx_word' id='word_1_194' title='bbox 1164 2432 1194 2480; x_wconf 91' lang='lat' dir='ltr'>et</span> 
     </span>
     <span class='ocr_line' id='line_1_24' title="bbox 192 2517 1194 2597; baseline -0.003 -18"><span class='ocrx_word' id='word_1_195' title='bbox 192 2518 341 2579; x_wconf 91' lang='lat' dir='ltr'>celeritate</span> <span class='ocrx_word' id='word_1_196' title='bbox 362 2519 540 2595; x_wconf 89' lang='lat' dir='ltr'>syllabarum</span> <span class='ocrx_word' id='word_1_197' title='bbox 562 2519 622 2579; x_wconf 92' lang='lat' dir='ltr'>labi</span> <span class='ocrx_word' id='word_1_198' title='bbox 640 2531 725 2597; x_wconf 85' lang='lat' dir='ltr'>putat</span> <span class='ocrx_word' id='word_1_199' title='bbox 739 2519 830 2578; x_wconf 87' lang='lat' dir='ltr'>verba</span> <span class='ocrx_word' id='word_1_200' title='bbox 849 2517 1008 2596; x_wconf 92' lang='lat' dir='ltr'>proclivius</span> <span class='ocrx_word' id='word_1_201' title='bbox 1029 2528 1194 2595; x_wconf 86' lang='lat' dir='ltr'>contraque</span> 
     </span>
     <span class='ocr_line' id='line_1_25' title="bbox 191 2614 1193 2694; baseline -0.004 -17"><span class='ocrx_word' id='word_1_202' title='bbox 191 2616 326 2677; x_wconf 90' lang='lat' dir='ltr'>accidere</span> <span class='ocrx_word' id='word_1_203' title='bbox 341 2616 370 2675; x_wconf 94' lang='lat' dir='ltr'>in</span> <span class='ocrx_word' id='word_1_204' title='bbox 386 2619 522 2694; x_wconf 93' lang='lat' dir='ltr'>spondeo</span> <span class='ocrx_word' id='word_1_205' title='bbox 536 2628 565 2676; x_wconf 93' lang='lat' dir='ltr'>et</span> <span class='ocrx_word' id='word_1_206' title='bbox 576 2619 731 2690; x_wconf 88' lang='lat' dir='ltr'>trochaeo;</span> <span class='ocrx_word' id='word_1_207' title='bbox 746 2618 869 2693; x_wconf 79' lang='lat' dir='ltr'>&#39;quornm</span> <span class='ocrx_word' id='word_1_208' title='bbox 883 2618 965 2694; x_wconf 91' lang='lat' dir='ltr'>quod</span> <span class='ocrx_word' id='word_1_209' title='bbox 981 2617 1054 2675; x_wconf 91' lang='lat' dir='ltr'>alter</span> <span class='ocrx_word' id='word_1_210' title='bbox 1067 2635 1085 2674; x_wconf 88' lang='lat' dir='ltr'>e</span> <span class='ocrx_word' id='word_1_211' title='bbox 1096 2614 1193 2692; x_wconf 85' lang='lat' dir='ltr'>longis</span> 
     </span>
     <span class='ocr_line' id='line_1_26' title="bbox 191 2712 1239 2790; baseline 0 -16"><span class='ocrx_word' id='word_1_212' title='bbox 191 2725 308 2775; x_wconf 92' lang='lat' dir='ltr'>constet</span> <span class='ocrx_word' id='word_1_213' title='bbox 318 2718 391 2781; x_wconf 88' lang='lat' dir='ltr'>alter</span> <span class='ocrx_word' id='word_1_214' title='bbox 401 2734 418 2773; x_wconf 97' lang='lat' dir='ltr'>e</span> <span class='ocrx_word' id='word_1_215' title='bbox 429 2713 578 2787; x_wconf 70' lang='lat' dir='ltr'>brevibus</span> <span class='ocrx_word' id='word_1_216' title='bbox 587 2714 649 2774; x_wconf 88' lang='lat' dir='ltr'>lieri</span> <span class='ocrx_word' id='word_1_217' title='bbox 663 2717 784 2774; x_wconf 89' lang='lat' dir='ltr'>alteram</span> <span class='ocrx_word' id='word_1_218' title='bbox 800 2713 888 2775; x_wconf 91' lang='lat' dir='ltr'>nimis</span> <span class='ocrx_word' id='word_1_219' title='bbox 901 2712 1053 2773; x_wconf 87' lang='lat' dir='ltr'>incitatam</span> <span class='ocrx_word' id='word_1_220' title='bbox 1068 2716 1191 2773; x_wconf 89' lang='lat' dir='ltr'>alteram</span> <span class='ocrx_word' id='word_1_221' title='bbox 1208 2740 1221 2774; x_wconf 83' lang='lat'><em>2</em></span> <span class='ocrx_word' id='word_1_222' title='bbox 1225 2740 1239 2790; x_wconf 88' lang='lat'><strong>5</strong></span> 
     </span>
    </p>

    <p class='ocr_par' dir='ltr' id='par_1_6' title="bbox 131 2810 1195 2988">
     <span class='ocr_line' id='line_1_27' title="bbox 131 2810 1193 2890; baseline -0.005 -15"><span class='ocrx_word' id='word_1_223' title='bbox 131 2839 177 2890; x_wconf 81' lang='lat'>19²</span> <span class='ocrx_word' id='word_1_224' title='bbox 192 2812 280 2872; x_wconf 92' lang='lat' dir='ltr'>nimis</span> <span class='ocrx_word' id='word_1_225' title='bbox 299 2813 413 2871; x_wconf 90' lang='lat' dir='ltr'>tardam</span> <span class='ocrx_word' id='word_1_226' title='bbox 433 2811 757 2885; x_wconf 47' lang='lat' dir='ltr'>orationemsneutram</span> <span class='ocrx_word' id='word_1_227' title='bbox 777 2816 980 2889; x_wconf 84' lang='lat' dir='ltr'>temperatam.</span> <span class='ocrx_word' id='word_1_228' title='bbox 1024 2812 1084 2872; x_wconf 89' lang='lat' dir='ltr'>Sed</span> <span class='ocrx_word' id='word_1_229' title='bbox 1103 2823 1132 2871; x_wconf 94' lang='lat' dir='ltr'>et</span> <span class='ocrx_word' id='word_1_230' title='bbox 1150 2810 1193 2870; x_wconf 95' lang='lat' dir='ltr'>illi</span> 
     </span>
     <span class='ocr_line' id='line_1_28' title="bbox 191 2908 1195 2988; baseline 0 -19"><span class='ocrx_word' id='word_1_231' title='bbox 191 2910 304 2988; x_wconf 87' lang='lat' dir='ltr'>priores</span> <span class='ocrx_word' id='word_1_232' title='bbox 321 2920 418 2969; x_wconf 91' lang='lat' dir='ltr'>errant</span> <span class='ocrx_word' id='word_1_233' title='bbox 432 2920 462 2969; x_wconf 92' lang='lat' dir='ltr'>et</span> <span class='ocrx_word' id='word_1_234' title='bbox 478 2911 615 2988; x_wconf 88' lang='lat' dir='ltr'>Ephorus</span> <span class='ocrx_word' id='word_1_235' title='bbox 630 2908 763 2987; x_wconf 92' lang='lat' dir='ltr'>inculpa</span> <span class='ocrx_word' id='word_1_236' title='bbox 777 2921 830 2970; x_wconf 90' lang='lat' dir='ltr'>est.</span> <span class='ocrx_word' id='word_1_237' title='bbox 874 2911 953 2969; x_wconf 92' lang='lat' dir='ltr'>Nam</span> <span class='ocrx_word' id='word_1_238' title='bbox 969 2921 998 2969; x_wconf 89' lang='lat' dir='ltr'>et</span> <span class='ocrx_word' id='word_1_239' title='bbox 1013 2909 1064 2986; x_wconf 92' lang='lat' dir='ltr'>qui</span> <span class='ocrx_word' id='word_1_240' title='bbox 1078 2929 1195 2987; x_wconf 89' lang='lat' dir='ltr'>paeana</span> 
     </span>
    </p>
   </div>
   <div class='ocr_carea' id='block_1_3' title="bbox 191 3065 1196 3650">
    <p class='ocr_par' dir='ltr' id='par_1_7' title="bbox 191 3065 1196 3650">
     <span class='ocr_line' id='line_1_29' title="bbox 191 3065 1195 3193; baseline -0.001 -13"><span class='ocrx_word' id='word_1_241' title='bbox 191 3065 763 3192; x_wconf 45' lang='grc' dir='ltr'>Αἷιῗῗῖἷὲἓῗὲἰῗὲῇἓῗωωὲᾞῖ</span> <span class='ocrx_word' id='word_1_242' title='bbox 776 3066 899 3178; x_wconf 55' lang='lat' dir='ltr'>ffipesn</span> <span class='ocrx_word' id='word_1_243' title='bbox 910 3065 945 3193; x_wconf 46' lang='grc' dir='ltr'>ἦ</span> <span class='ocrx_word' id='word_1_244' title='bbox 964 3131 999 3179; x_wconf 65' lang='lat' dir='ltr'>a</span> <span class='ocrx_word' id='word_1_245' title='bbox 1010 3132 1036 3179; x_wconf 82' lang='lat' dir='ltr'><em>A</em></span> <span class='ocrx_word' id='word_1_246' title='bbox 1048 3083 1064 3161; x_wconf 86' lang='lat'>·⁴</span> <span class='ocrx_word' id='word_1_247' title='bbox 1072 3065 1195 3179; x_wconf 62' lang='lat' dir='ltr'>riigiss‘i’</span> 
     </span>
     <span class='ocr_line' id='line_1_30' title="bbox 195 3149 1195 3260; baseline 0.001 -15"><span class='ocrx_word' id='word_1_248' title='bbox 195 3213 224 3259; x_wconf 85' lang='lat'>15</span> <span class='ocrx_word' id='word_1_249' title='bbox 241 3198 375 3258; x_wconf 83' lang='lat' dir='ltr'>iambicum</span> <span class='ocrx_word' id='word_1_250' title='bbox 388 3195 427 3244; x_wconf 88' lang='lat' dir='ltr'>L:</span> <span class='ocrx_word' id='word_1_251' title='bbox 444 3197 553 3244; x_wconf 88' lang='lat' dir='ltr'>iambum</span> <span class='ocrx_word' id='word_1_252' title='bbox 567 3195 677 3260; x_wconf 84' lang='lat' dir='ltr'>Stangl:</span> <span class='ocrx_word' id='word_1_253' title='bbox 694 3196 839 3258; x_wconf 85' lang='lat' dir='ltr'>ambiguum</span> <span class='ocrx_word' id='word_1_254' title='bbox 850 3196 876 3243; x_wconf 94' lang='lat' dir='ltr'><em>A</em></span> <span class='ocrx_word' id='word_1_255' title='bbox 967 3199 997 3243; x_wconf 90' lang='lat'>16</span> <span class='ocrx_word' id='word_1_256' title='bbox 1014 3149 1173 3246; x_wconf 75' lang='lat' dir='ltr'>orationisA</span> <span class='ocrx_word' id='word_1_257' title='bbox 1187 3214 1195 3246; x_wconf 78' lang='lat' dir='ltr'><strong><em>z</em></strong></span> 
     </span>
     <span class='ocr_line' id='line_1_31' title="bbox 193 3261 1195 3311; baseline -0.001 0"><span class='ocrx_word' id='word_1_258' title='bbox 193 3263 301 3311; x_wconf 87' lang='lat' dir='ltr'>orationi</span> <span class='ocrx_word' id='word_1_259' title='bbox 312 3262 376 3310; x_wconf 91' lang='lat' dir='ltr'>FO:</span> <span class='ocrx_word' id='word_1_260' title='bbox 393 3263 488 3310; x_wconf 86' lang='lat' dir='ltr'>oratori</span> <span class='ocrx_word' id='word_1_261' title='bbox 499 3261 556 3310; x_wconf 90' lang='lat' dir='ltr'>PM</span> <span class='ocrx_word' id='word_1_262' title='bbox 651 3261 707 3310; x_wconf 84' lang='lat' dir='ltr'>fieri</span> <span class='ocrx_word' id='word_1_263' title='bbox 724 3270 752 3309; x_wconf 91' lang='lat' dir='ltr'>ut</span> <span class='ocrx_word' id='word_1_264' title='bbox 769 3263 790 3310; x_wconf 87' lang='lat' dir='ltr'>is</span> <span class='ocrx_word' id='word_1_265' title='bbox 807 3261 849 3311; x_wconf 89' lang='lat' dir='ltr'>L:</span> <span class='ocrx_word' id='word_1_266' title='bbox 873 3263 974 3311; x_wconf 89' lang='lat' dir='ltr'>ratione</span> <span class='ocrx_word' id='word_1_267' title='bbox 990 3261 1016 3308; x_wconf 96' lang='lat' dir='ltr'><em>A</em></span> <span class='ocrx_word' id='word_1_268' title='bbox 1164 3264 1195 3310; x_wconf 90' lang='lat'>18</span> 
     </span>
     <span class='ocr_line' id='line_1_32' title="bbox 193 3325 1195 3390; baseline 0 -14"><span class='ocrx_word' id='word_1_269' title='bbox 193 3328 261 3390; x_wconf 92' lang='lat' dir='ltr'>quod</span> <span class='ocrx_word' id='word_1_270' title='bbox 281 3326 333 3375; x_wconf 90' lang='lat' dir='ltr'>AL</span> <span class='ocrx_word' id='word_1_271' title='bbox 353 3327 438 3377; x_wconf 73' lang='lat' dir='ltr'>Non:</span> <span class='ocrx_word' id='word_1_272' title='bbox 466 3343 523 3376; x_wconf 86' lang='lat' dir='ltr'>curn</span> <span class='ocrx_word' id='word_1_273' title='bbox 546 3326 648 3375; x_wconf 77' lang='lat' dir='ltr'>Ernesti</span> <span class='ocrx_word' id='word_1_274' title='bbox 723 3328 866 3390; x_wconf 87' lang='lat' dir='ltr'>dactylicus</span> <span class='ocrx_word' id='word_1_275' title='bbox 889 3325 1032 3376; x_wconf 77' lang='lat' dir='ltr'><em>A0²FPM</em></span> <span class='ocrx_word' id='word_1_276' title='bbox 1042 3344 1048 3376; x_wconf 90' lang='lat'>:</span> <span class='ocrx_word' id='word_1_277' title='bbox 1076 3327 1195 3388; x_wconf 87' lang='lat' dir='ltr'>dactylus</span> 
     </span>
     <span class='ocr_line' id='line_1_33' title="bbox 195 3391 1195 3455; baseline 0.001 -14"><span class='ocrx_word' id='word_1_278' title='bbox 195 3391 296 3442; x_wconf 80' lang='lat' dir='ltr'>O&#39;Non.</span> <span class='ocrx_word' id='word_1_279' title='bbox 312 3398 347 3454; x_wconf 83' lang='lat' dir='ltr'>(p.</span> <span class='ocrx_word' id='word_1_280' title='bbox 362 3394 420 3455; x_wconf 75' lang='lat'><em>142)</em></span> <span class='ocrx_word' id='word_1_281' title='bbox 512 3408 542 3454; x_wconf 90' lang='lat'>19</span> <span class='ocrx_word' id='word_1_282' title='bbox 558 3394 773 3443; x_wconf 86' lang='lat' dir='ltr'>accommodatior</span> <span class='ocrx_word' id='word_1_283' title='bbox 785 3392 873 3441; x_wconf 88' lang='lat' dir='ltr'>FPO:</span> <span class='ocrx_word' id='word_1_284' title='bbox 890 3393 1075 3441; x_wconf 79' lang='lat' dir='ltr'>commodatior</span> <span class='ocrx_word' id='word_1_285' title='bbox 1085 3392 1111 3439; x_wconf 90' lang='lat' dir='ltr'><em>A</em></span> <span class='ocrx_word' id='word_1_286' title='bbox 1167 3400 1195 3442; x_wconf 90' lang='lat' dir='ltr'>et</span> 
     </span>
     <span class='ocr_line' id='line_1_34' title="bbox 193 3457 1194 3520; baseline 0 -15"><span class='ocrx_word' id='word_1_287' title='bbox 193 3459 237 3507; x_wconf 91' lang='lat' dir='ltr'>A:</span> <span class='ocrx_word' id='word_1_288' title='bbox 254 3457 335 3506; x_wconf 90' lang='lat' dir='ltr'>sedL</span> <span class='ocrx_word' id='word_1_289' title='bbox 409 3472 438 3506; x_wconf 83' lang='lat' dir='ltr'>ar</span> <span class='ocrx_word' id='word_1_290' title='bbox 448 3460 584 3520; x_wconf 79' lang='lat' dir='ltr'>postenim</span> <span class='ocrx_word' id='word_1_291' title='bbox 598 3475 674 3520; x_wconf 83' lang='lat' dir='ltr'>usque</span> <span class='ocrx_word' id='word_1_292' title='bbox 684 3459 721 3506; x_wconf 87' lang='lat' dir='ltr'>ad</span> <span class='ocrx_word' id='word_1_293' title='bbox 731 3474 778 3520; x_wconf 88' lang='lat' dir='ltr'>per</span> <span class='ocrx_word' id='word_1_294' title='bbox 788 3465 907 3507; x_wconf 85' lang='lat' dir='ltr'>versetur</span> <span class='ocrx_word' id='word_1_295' title='bbox 920 3461 1054 3519; x_wconf 68' lang='lat' dir='ltr'>(agrlom.</span> <span class='ocrx_word' id='word_1_296' title='bbox 1068 3458 1094 3505; x_wconf 96' lang='lat' dir='ltr'><em>A</em></span> <span class='ocrx_word' id='word_1_297' title='bbox 1162 3473 1194 3518; x_wconf 81' lang='lat'>24</span> 
     </span>
     <span class='ocr_line' id='line_1_35' title="bbox 193 3522 1196 3586; baseline 0.002 -15"><span class='ocrx_word' id='word_1_298' title='bbox 193 3539 301 3585; x_wconf 88' lang='lat' dir='ltr'>quorum</span> <span class='ocrx_word' id='word_1_299' title='bbox 313 3522 370 3572; x_wconf 84' lang='lat' dir='ltr'>odd.</span> <span class='ocrx_word' id='word_1_300' title='bbox 384 3522 526 3586; x_wconf 66' lang='lat' dir='ltr'>Heerdaegm</span> <span class='ocrx_word' id='word_1_301' title='bbox 641 3539 673 3585; x_wconf 84' lang='lat'>25</span> <span class='ocrx_word' id='word_1_302' title='bbox 691 3530 808 3573; x_wconf 89' lang='lat' dir='ltr'>constet.</span> <span class='ocrx_word' id='word_1_303' title='bbox 822 3560 829 3572; x_wconf 91' lang='lat'><strong>.</strong></span> <span class='ocrx_word' id='word_1_304' title='bbox 843 3559 849 3573; x_wconf 92' lang='lat'><strong>.</strong></span> <span class='ocrx_word' id='word_1_305' title='bbox 864 3523 919 3572; x_wconf 89' lang='lat' dir='ltr'>fieri</span> <span class='ocrx_word' id='word_1_306' title='bbox 930 3522 1045 3573; x_wconf 79' lang='lat' dir='ltr'>Ernesti:</span> <span class='ocrx_word' id='word_1_307' title='bbox 1063 3530 1196 3573; x_wconf 88' lang='lat' dir='ltr'>constaret</span> 
     </span>
     <span class='ocr_line' id='line_1_36' title="bbox 191 3587 947 3650; baseline -0.004 -10"><span class='ocrx_word' id='word_1_308' title='bbox 191 3589 363 3640; x_wconf 60' lang='lat' dir='ltr'>wlieretL</span> <span class='ocrx_word' id='word_1_309' title='bbox 463 3603 494 3650; x_wconf 76' lang='lat' dir='ltr'>ay</span> <span class='ocrx_word' id='word_1_310' title='bbox 512 3587 591 3638; x_wconf 90' lang='lat' dir='ltr'>etL:</span> <span class='ocrx_word' id='word_1_311' title='bbox 608 3592 660 3639; x_wconf 86' lang='lat' dir='ltr'>secl.</span> <span class='ocrx_word' id='word_1_312' title='bbox 674 3588 823 3638; x_wconf 78' lang='lat' dir='ltr'>Manutius:</span> <span class='ocrx_word' id='word_1_313' title='bbox 840 3590 865 3638; x_wconf 90' lang='lat' dir='ltr'>ei</span> <span class='ocrx_word' id='word_1_314' title='bbox 873 3589 947 3649; x_wconf 81' lang='lat' dir='ltr'>Jahn</span> 
     </span>
    </p>
   </div>
   <div class='ocr_carea' id='block_1_4' title="bbox 0 0 1301 4178">
    <p class='ocr_par' dir='ltr' id='par_1_8' title="bbox 0 0 1301 4178">
     <span class='ocr_line' id='line_1_37' title="bbox 0 0 1301 4178; baseline 0 0"><span class='ocrx_word' id='word_1_315' title='bbox 0 0 1301 4178; x_wconf 95' lang='lat' dir='ltr'> </span> 
     </span>
    </p>
   </div>
  </div>
 </body>
</html>
