2588 4178
83 246 84 249 γ
130 209 233 276 43161
465 199 914 262 M.TvLL1C1CERONIS

186 363 309 440 consule
337 378 424 427 natus
452 377 482 426 et
510 367 544 428 C.
575 366 686 441 Laeli0‚
700 446 703 451 ἡ
717 365 845 427 triennio
877 365 943 444 ipso
971 361 1068 425 minor
1096 384 1188 442 quam

185 464 344 526 Antonius.
389 465 482 540 Quod
509 463 621 525 idcirco
648 463 736 543 posui
758 475 792 524 ut
815 463 937 525 dicendi
962 462 1068 524 Latine
1092 461 1189 541 prima

186 563 339 624 maturitas
359 561 391 623 in
413 583 473 641 qua
492 573 589 622 aetate
610 561 769 623 exstitisset
787 574 891 640 posset
909 561 1006 622 notari
1027 572 1058 622 et
1076 561 1190 622 intelle·

185 662 302 739 geretur
329 661 388 721 iam
412 663 452 722 ad
481 681 644 721 summum*
660 681 756 738 paene
784 680 850 721 esse
877 661 1063 739 perductam,
1093 671 1126 719 ut
1150 678 1188 720 eo

186 759 260 819 nihil
274 762 367 819 ferme
386 749 545 837 quisquam
561 759 673 819 addere
691 768 801 836 posset,
817 757 875 818 nisi
889 756 942 836 qui
955 778 974 818 a
987 756 1187 836 philosophia,
1203 770 1217 821 5

127 821 173 946 146⁶:
186 877 204 918 a
218 857 280 918 iure
294 857 382 930 civili,
394 858 432 918 ab
447 856 570 921 historia
583 855 687 917 fuisset
701 855 878 917 instructior.
917 855 990 930 Erit,
1002 855 1100 933 inquit
1115 853 1187 937 [M.]

187 958 307 1029 Brutus,
320 966 372 1015 aut
385 955 445 1015 iam
465 966 510 1016 est
524 954 580 1015 iste
599 974 689 1030 quem
709 956 885 1032 exspectas?
921 953 1041 1027 Nesci0‚
1053 953 1186 1031 inquam.

187 1055 247 1115 Sed
269 1065 313 1114 est
334 1053 424 1114 etiam
447 1057 481 1114 L.
507 1051 607 1114 Crassi
631 1052 663 1112 in
686 1055 843 1113 consulatu
869 1073 923 1131 pro
945 1053 983 1128 Q.
1007 1051 1189 1131 Caepione†

187 1152 362 1212 defensione
381 1150 508 1213 iuncta†
521 1170 584 1210 non
605 1150 702 1211 brevis
719 1162 753 1210 ut
773 1150 914 1224 laudatio,
931 1162 964 1211 ut
978 1150 1072 1211 oratio
1085 1161 1187 1210 autem

187 1248 303 1324 brevis,
323 1261 474 1327 postrema
495 1247 626 1309 censoris
647 1249 750 1321 orati0‚
766 1268 826 1326 qua
840 1269 921 1310 anno
941 1247 1189 1326 duodequinqua·
1203 1260 1234 1298 10

186 1347 301 1425 gesimo
315 1367 386 1407 usus
405 1358 457 1407 est.
501 1348 537 1406 In
560 1347 606 1416 his
631 1346 872 1426 omnibusinest
894 1346 1018 1424 quidam
1040 1347 1105 1414 sine
1126 1348 1188 1407 ullo

187 1448 256 1507 fuco
267 1444 396 1506 veritatis
411 1448 493 1505 color
502 1467 510 1520 3
531 1444 604 1522 quin
615 1445 705 1507 etiam
716 1443 946 1523 comprehensio
957 1434 987 1506 et
997 1444 1128 1505 ambitus
1138 1445 1189 1504 ille

187 1544 354 1615 verborum,
378 1542 400 1602 si
423 1542 465 1603 sic
485 1544 615 1606 περίοδον
634 1542 776 1621 appellari
797 1544 904 1621 placet,
919 1553 982 1603 erat
1002 1544 1084 1620 apud
1103 1541 1188 1625 illum

189 1651 358 1700 contractus
381 1651 411 1701 et
433 1641 538 1712 brevis,
563 1652 593 1701 et
617 1641 648 1701 in
671 1641 806 1701 membra
830 1642 992 1718 quaedam,
1012 1660 1090 1718 quae
1112 1645 1189 1700 κῶλα

126 1748 174 1813 1⁶3
188 1737 296 1798 Graeci
309 1748 428 1812 vocant,
443 1737 635 1815 dispertiebat
652 1737 818 1799 orationem
836 1733 985 1799 libentius.
1030 1741 1102 1799 Hoc
1114 1737 1189 1800 'loco
1206 1755 1234 1805 15

190 1838 316 1897 Brutus:
347 1837 479 1911 Quando
502 1836 625 1913 quidem
653 1847 685 1896 tu
710 1835 783 1896 istos
808 1847 947 1909 oratores,
972 1835 1080 1913 inquit,
1105 1847 1189 1896 tanto

188 1953 278 2011 opere
302 1929 418 2007 laudas,
448 1936 555 1995 vellem
587 1933 701 2010 aliquid
729 1933 864 1994 Antonio
892 1945 1008 2012 praeter
1037 1933 1121 1994 illum
1150 1936 1208 1995 de.

188 2030 302 2092 ratione
315 2031 438 2092 'dicendi
456 2051 527 2092 sane
546 2031 653 2093 exilem
667 2031 811 2105 libellum,
827 2034 912 2109 plura
927 2033 1035 2094 Crasso
1053 2030 1189 2093 libuisset
1212 2046 1213 2049 ’

188 2127 335 2190 scribere:
366 2149 435 2189 cum
460 2128 541 2189 enim
570 2128 711 2191 omnibus
739 2129 914 2190 memoriam
940 2128 985 2189 sui
1008 2140 1072 2189 tum
1097 2129 1189 2190 etiam

189 2226 376 2305 disciplinam
405 2227 527 2288 dicendi
554 2227 643 2289 n'obis
670 2226 866 2305 reliquissent.
918 2229 998 2287 Nam
1026 2229 1188 2289 Scaevolae
1203 2244 1235 2280 20

188 2324 310 2386 dicendi
332 2325 508 2402 elegantiam
531 2325 601 2386 satis
624 2346 660 2386 ex
682 2325 725 2386 eis
750 2324 942 2399 orationibus,
963 2327 1037 2402 quas
1059 2324 1187 2403 reliquit,

128 2433 174 2496 164
188 2425 334 2484 habemus
349 2423 507 2501 cognitam.
552 2427 591 2484 Et
605 2444 679 2501 ego:
702 2422 780 2483 Mihi
794 2423 918 2501 quidem
932 2443 951 2482 a
964 2422 1090 2500 pueritia
1104 2422 1190 2500 quasi

188 2520 327 2599 magistra
347 2521 410 2595 fuit,
436 2521 568 2598 inquam,
593 2520 644 2581 illa
665 2521 697 2580 in
719 2524 816 2599 legem
839 2521 1001 2599 Caepionis
1024 2520 1137 2595 oratio;
1158 2521 1189 2581 in

189 2639 249 2696 qua
276 2629 306 2679 et
332 2618 493 2680 auctoritas
521 2631 642 2679 ornatur
672 2630 801 2692 senatus,
830 2639 892 2696 quo
920 2639 974 2696 pro
1003 2619 1108 2679 ordine
1139 2619 1190 2679 illa

188 2717 336 2796 dicuntur,
352 2728 382 2777 et
396 2716 508 2777 invidia
522 2716 688 2777 concitatur
698 2716 729 2776 in
743 2716 877 2777 iudicum
892 2728 922 2777 et
936 2716 967 2776 in
981 2728 1188 2777 accusatorum
1205 2738 1217 2774 a
1222 2737 1236 2788 5

182 2814 358 2888 factionem,
374 2826 478 2875 contra
493 2835 621 2893 quorum
636 2813 801 2892 potentiam
815 2813 996 2892 populariter
1010 2825 1075 2874 tum
1089 2813 1190 2875 dicen-

189 2914 262 2972 dum
287 2912 349 2972 fuit.
395 2915 492 2973 Multa
514 2913 545 2973 in
570 2912 620 2972 illa
644 2913 778 2973 oratione
802 2912 935 2990 graviter,
961 2913 1054 2972 multa
1074 2911 1188 2987 leniter,

188 3012 283 3070 multa
304 3030 416 3088 aspere,
438 3013 533 3071 multa
554 3013 650 3071 facete
675 3011 756 3071 dicta
780 3022 849 3071 sunt
860 3033 868 3085 ;
889 3013 974 3088 plura
996 3009 1086 3070 etiam
1108 3009 1190 3071 dicta

188 3128 279 3185 quam
301 3107 417 3185 scripta,
438 3110 522 3186 quod
544 3130 580 3170 ex
601 3109 781 3186 quibusdam
803 3108 951 3186 capitibus
970 3107 1111 3185 expositis
1132 3127 1189 3169 nec

188 3205 341 3283 explicatis
365 3205 497 3284 intellegi
523 3217 629 3284 potest.
682 3209 753 3283 Ipsa
774 3206 825 3265 illa
849 3205 983 3266 censoria
1006 3216 1109 3265 contra
1130 3207 1187 3266 Cn.
1204 3223 1237 3273 30

221 3363 238 3408 6
256 3359 290 3408 M.
309 3359 361 3409 secl.
373 3359 515 3424 Heusinger
610 3363 627 3409 8
644 3361 669 3408 in
688 3361 822 3410 consulatu
840 3377 889 3422 pro
907 3360 940 3421 Q.
955 3361 1087 3423 Caepione
1103 3361 1193 3410 defen·

189 3425 263 3473 sione
276 3426 363 3473 iuncta
375 3424 397 3470 L
409 3443 415 3474 r
434 3442 467 3474 ex
483 3427 789 3490 consulatu(pecula,tus)
802 3427 863 3490 rfei)
877 3426 908 3486 Q.
921 3426 1061 3488 Caepionis
1072 3427 1190 3476 defensio

190 3491 288 3553 minuta
299 3490 400 3553 Stangl,
418 3493 499 3553 quiet
513 3493 598 3540 conicit
613 3492 639 3540 in
658 3509 678 3541 c.
692 3507 739 3553 pro
757 3491 787 3552 Q.
804 3492 833 3540 C.
847 3491 999 3554 (testimonii
1018 3494 1075 3540 loco
1095 3493 1189 3554 oratio)

190 3555 341 3605 defensione
361 3557 439 3604 tincta
583 3572 613 3618 13
630 3559 812 3618 perhiodorum
827 3555 858 3619 L,
872 3573 932 3606 corr.
953 3558 1021 3621 vulg.
1161 3573 1190 3619 15

191 3621 343 3683 dispertibat
355 3621 472 3670 oratione
484 3621 515 3685 L,
529 3639 589 3672 corr.
604 3623 671 3686 vulg.
772 3637 802 3670 21
820 3624 858 3671 eis
870 3623 937 3686 vulg.
951 3641 957 3672 ι
975 3623 1014 3672 his
1028 3622 1049 3669 L
