2588 4178
558 206 723 268 aavrvs
1110 219 1205 301 ⁷1²⁴⁸

142 373 271 435 Caesare
297 383 328 434 et
353 374 507 446 Marcello,
531 372 666 435 audirem
694 393 757 434 non
785 372 884 434 minus
905 373 1033 436 libenter
1052 395 1144 455 quarn

140 470 242 532 audivi
269 472 309 533 de
337 470 380 532 eis
407 470 460 548 qui
484 473 611 532 suerunt.
661 473 724 534 Cur
751 473 898 534 tandem?
931 472 1056 550 inquam
1068 495 1077 549 ;
1104 493 1147 540 an„

141 581 295 648 exspectas
309 569 384 647 quid
401 590 457 648 ego
474 569 604 631 iudicem
619 571 659 632 de
669 569 740 644 istis,
752 568 805 649 qui
818 569 873 631 tibi
887 582 956 631 sunt
969 591 1066 651 aeque
1079 571 1144 633 noti

141 688 178 730 ac
189 667 285 728 mihi?
312 667 391 728 Mihi
405 687 454 728 me
468 668 596 742 hercule,
608 667 714 747 inquit,
727 670 888 730 Marcellus
901 669 972 730 satis
986 682 1032 731 est
1044 681 1142 744 notus,

112 767 253 833 5Caesar
275 780 377 828 autem
399 785 504 844 parum
514 788 523 841 ;
542 764 626 826 illurn
649 766 730 828 enim
753 786 843 845 saepe
862 766 971 841 audivi,
994 767 1051 842 hic,
1074 788 1144 830 cum
1159 790 1206 842 ²49

142 884 199 943 ego
215 863 346 926 iudicare
364 863 425 924 iam
442 863 555 942 aliquid
569 884 701 942 possem,
714 864 795 926 afuit
839 865 922 942 Quid
936 865 1023 944 igitur
1037 868 1076 928 de
1093 866 1145 928 illo

142 962 265 1036 iudicas,
278 965 408 1040 inquam,
423 982 514 1040 quem
528 982 617 1041 saepe
625 962 787 1024 audivisti?
815 963 898 1040 Quid
912 984 1024 1037 censes,
1038 963 1142 1042 inquit,

142 1059 200 1120 nisi
208 1059 250 1136 id,
259 1063 342 1139 quod
353 1061 507 1122 habiturus
516 1081 548 1122 es
556 1060 684 1122 similem
693 1060 759 1122 tui?
787 1063 835 1122 Ne
843 1081 908 1140 ego,
921 1060 1053 1141 inquam,
1066 1061 1091 1123 si
1104 1060 1146 1124 ita

143 1169 196 1231 est,
212 1158 302 1221 velim
321 1158 377 1220 tibi
393 1178 464 1220 eum
483 1162 601 1238 placere
615 1178 706 1237 quarn
722 1161 857 1221 maxime.
888 1158 982 1237 Atqui
991 1172 1021 1221 et
1035 1159 1076 1220 ita
1089 1172 1143 1235 est,

98 1276 131 1312 ιο
143 1254 249 1335 inquit,
269 1268 299 1317 et
318 1257 510 1318 vehementer
529 1258 627 1335 placet
637 1280 646 1333 3
670 1277 727 1318 nec
747 1278 817 1320 vero
838 1257 902 1319 sine
923 1278 1020 1318 causa„
1064 1259 1145 1319 Nam

143 1365 175 1416 et
194 1353 300 1416 didicit
322 1366 352 1416 et
373 1353 490 1416 omissis
515 1355 620 1416 ceteris
643 1355 749 1417 studiis
771 1376 866 1416 unum
887 1355 920 1417 id
940 1356 1000 1434 egit
1021 1360 1146 1434 seseque

143 1450 302 1512 cotidianis
321 1453 624 1515 commentationibus
646 1453 788 1515 acerrime
809 1453 948 1516 exercuit.
992 1456 1099 1533 ltaque
1115 1465 1146 1515 et
1160 1471 1208 1522 250

143 1549 228 1612 lectis
252 1550 344 1611 utitur
365 1551 462 1612 verbis
490 1563 520 1612 et
540 1552 745 1636 frequentibus
768 1555 915 1613 sententiis
935 1564 965 1614 et
987 1554 1146 1631 splendore

145 1648 228 1710 vocis
254 1657 284 1709 et
307 1649 452 1728 dignitate
479 1662 579 1711 motus
609 1652 643 1710 fit
669 1650 838 1728 speciosum
863 1662 893 1711 et
917 1649 1040 1712 inlustre
1062 1652 1146 1728 quod

100 1767 132 1817 ¹5
145 1746 227 1823 dicit,
243 1747 405 1826 omniaque
424 1747 467 1810 sic
486 1760 659 1827 suppetunt,
667 1761 701 1810 ut
715 1748 743 1810 ei
761 1729 874 1809 nullain
889 1751 993 1811 deesse
1007 1749 1146 1810 virtutem

145 1846 268 1907 oratoris
282 1859 405 1926 putem3
422 1845 610 1924 maximeque
621 1849 789 1908 laudandus
803 1860 856 1921 est,
867 1846 919 1926 qui
932 1848 992 1909 hoc
1012 1860 1146 1925 tempore

145 1945 218 2025 ipso,
241 1947 324 2023 quod
349 1944 436 2006 liceat
458 1944 490 2005 in
518 1946 576 2006 hoc
600 1944 755 2007 communi
778 1957 881 2018 nostro
905 1958 935 2006 et
956 1945 1042 2023 quasi
1065 1943 1146 2005 fatali

147 2044 234 2117 malo,
253 2045 425 2105 consoletur
445 2063 478 2105 se
501 2063 571 2103 cum
594 2042 779 2104 conscientia
799 2042 931 2121 optimae
952 2043 1060 2104 mentis
1081 2055 1146 2103 turn

146 2140 236 2202 etiam
264 2141 457 2220 usurpatione
484 2153 514 2202 et
541 2141 734 2203 renovatione
765 2140 926 2203 doetrinae.
969 2141 1042 2203 Vidi
1065 2140 1147 2202 enim

102 2262 133 2298 πο
148 2237 300 2317 Mytilenis
328 2259 424 2318 nuper
447 2238 543 2300 virum
570 2251 668 2316 atque,
692 2251 725 2300 ut
753 2239 822 2314 dixi,
846 2239 908 2301 vidi
932 2241 1021 2318 plane
1041 2238 1145 2299 virum'.

147 2337 254 2414 Itaque
278 2357 348 2397 curn
372 2357 442 2398 eum
469 2349 559 2399 antea
582 2337 626 2398 tui
649 2337 777 2399 similem
802 2337 834 2398 in
857 2333 993 2399 dicendo
1011 2336 1145 2410 viderim,

146 2421 210 2494 turn
229 2455 299 2497 vero
319 2456 402 2497 nunc
419 2455 438 2496 a
456 2435 631 2497 doctissimo
648 2435 712 2496 viro
730 2435 853 2514 tibique,
866 2447 901 2496 ut
919 2434 1058 2507 intellexi,
1077 2433 1148 2494 ami·

146 2531 266 2594 cissimo
289 2532 433 2612 Cratippo
456 2532 634 2594 instructum
662 2533 745 2595 omni
772 2532 860 2612 copia
888 2534 983 2594 multo
1006 2532 1147 2594 videbam

147 2630 327 2692 similiorem.
370 2631 433 2692 Hic
452 2652 526 2709 ego:
551 2632 624 2705 Etsi,
639 2633 770 2710 inquam,
790 2633 829 2693 de
850 2631 957 2710 optimi
975 2631 1029 2691 viri
1049 2628 1148 2692 nobis·
1162 2656 1208 2706 251

103 2754 132 2803 ²5
147 2749 207 2806 que
226 2727 399 2790 amicissimi
422 2729 562 2790 laudibus
584 2729 711 2792 libenter
733 2729 833 2803 audio,
854 2741 955 2790 tamen
976 2728 1095 2789 incurro
1115 2727 1147 2787 in

146 2827 322 2888 memoriam
352 2828 560 2903 communium
589 2828 782 2901 miseriarum,
803 2848 935 2921 ¹quarum
964 2826 1148 2889 oblivionem

146 2944 292 3002 quaerens
310 2927 392 2987 hunc
411 2926 514 3012 ipsum
530 2947 699 2989 sermonem
718 2925 844 3006 produxi
862 2925 987 3003 longius
1030 2926 1090 2985 Sed
1109 2925 1148 2985 de

144 3012 275 3090 ‚Caesare
288 3024 378 3103 cupio
391 3025 495 3088 audire
508 3025 582 3104 quid
596 3028 718 3087 tandem
732 3023 984 3085 Atticusiudicet.
1027 3026 1067 3083 Et
1081 3022 1147 3084 ille:
1161 3028 1199 3089 7²

147 3122 309 3209 Praeclare,
326 3123 433 3201 inquit,
448 3122 504 3184 tibi
520 3135 698 3198 constas„ut
712 3126 751 3184 de
765 3122 807 3184 eis
827 3121 879 3200 qui
896 3142 977 3182 nunc
998 3120 1057 3181 sint
1073 3120 1148 3183 nihil

101 3247 135 3296 30
146 3219 219 3281 velis
240 3220 304 3300 ipse
325 3221 425 3284 dicere
434 3243 444 3298 ,·
467 3233 498 3284 et
514 3223 634 3283 hercule
655 3221 681 3282 si
703 3221 746 3282 sic
767 3241 877 3300 ageres,
893 3232 926 3280 ut
945 3222 984 3281 de
998 3218 1040 3280 eis
1063 3217 1149 3298 egisti

180 3377 263 3426 eiam
276 3394 326 3429 om.
339 3378 426 3428 BHM
495 3379 630 3441 pinquam
643 3377 701 3436 add.
710 3378 784 3438 Jalm
849 3378 920 3442 8(ίά
932 3377 1002 3438 quod
1013 3377 1148 3438 agniturus

148 3444 188 3503 es)
201 3441 308 3508 Madvig
383 3461 400 3507 9
416 3445 486 3507 atqui
497 3445 564 3508 vulg.
578 3463 583 3494 :
602 3452 680 3506 atque
693 3444 714 3492 L
807 3458 837 3506 13
853 3443 990 3493 sententiis
1006 3441 1061 3491 add.
1074 3441 1147 3502 Jahn

146 3516 230 3626 ἔαξε
242 3509 305 3625 {zaim
315 3510 383 3621 rittiga
529 3526 559 3569 15
576 3511 639 3560 dicit
652 3511 742 3560 Orelli:
759 3508 884 3560 diciturL
1032 3522 1060 3568 17
1079 3507 1147 3568 quod
