2588 4178
144 227 249 287 30107
465 212 508 271 M.
539 203 667 272 svam
696 211 930 274 crcunoms

197 378 309 452 vivunt,
338 363 411 439 dum
439 390 572 457 possunt,
602 391 636 440 ut
663 381 773 440 ducere
799 378 930 439 animam
960 380 999 439 de
1026 378 1111 439 caelo
1138 398 1201 438 non

197 488 326 553 queant3
353 476 395 537 ita
413 477 579 537 moriuntur
599 489 632 537 ut
652 498 755 538 eorum
775 497 842 538 ossa
859 489 966 538 terram
981 496 1043 536 non
1060 486 1203 553 tangant;

196 573 237 634 ita
251 574 397 634 iactantur
410 575 549 634 fluctibus
563 586 597 634 ut
611 596 776 653 numquam
790 576 949 635 adluantur
957 596 967 649 ,·
993 573 1034 634 ita
1048 584 1202 651 postremo

197 671 344 732 eiciuntur
365 683 399 732 ut
423 693 461 732 ne
484 673 524 732 ad
546 692 616 732 saxa
640 672 762 751 quidem
788 672 897 732 mortui
921 671 1145 749 conquiescant,
1159 682 1202 731 et

197 789 275 846 quae
294 781 457 846 sequuntur
466 792 475 845 ;
496 781 567 830 sunt
583 770 664 831 enim
683 770 786 832 omnia
802 770 844 831 sic
866 781 899 830 ut
919 768 1119 830 adulescentis
1138 788 1201 829 non
1216 787 1230 835 5

197 877 258 926 tam
273 887 304 926 re
318 878 348 927 et
362 866 530 931 maturitate
544 888 635 944 quam
650 888 702 945 spe
717 879 746 927 et
760 866 982 945 exspectatione
996 865 1117 926 laudati.
1150 867 1201 926 Ab

188 964 254 1048 'hac
275 963 365 1024 etiam
388 963 489 1024 indole
513 964 573 1025 iam
595 964 645 1024 illa
669 976 801 1025 matura:
830 968 912 1025 onr
939 963 1047 1042 generi,
1072 982 1203 1024 noverca

138 1067 183 1113 108
196 1060 256 1134 filii,
273 1060 352 1121 filiae
371 1062 483 1139 paelex.
527 1064 593 1122 Nec
614 1083 685 1122 vero
706 1061 755 1123 hic
775 1073 837 1122 erat
859 1081 936 1122 unus
957 1062 1045 1120 ardor
1063 1060 1095 1119 in
1112 1059 1201 1120 nobis

196 1168 230 1217 ut
243 1159 302 1218 hoc
316 1160 408 1219 modo
423 1158 525 1219 omnia
538 1159 712 1220 diceremus.
747 1162 818 1237 Ipsa
831 1159 912 1220 enim
926 1158 977 1217 illa
990 1155 1058 1239 [pro
1073 1154 1200 1238 Roscio]

196 1254 332 1316 iuvenilis
346 1256 545 1316 redundantia
558 1259 652 1316 multa
666 1257 756 1316 habet
769 1268 933 1330 attenuata,
946 1256 1094 1334 quaedam
1109 1254 1200 1314 etiam
1218 1270 1247 1306 10

197 1343 287 1431 paulo
308 1352 451 1425 hilariora,
472 1365 505 1412 ut
525 1373 580 1432 pro
600 1353 724 1427 Habit0‚
740 1373 794 1433 pro
809 1353 951 1416 Cornelio
971 1353 1201 1431 compluresque

196 1447 279 1508 aliae.
323 1450 423 1509 Nemo
440 1448 520 1508 enim
540 1460 638 1510 orator
656 1460 717 1508 tam
739 1451 833 1509 multa
847 1470 885 1509 ne
899 1448 930 1508 in
946 1450 1062 1523 Graeco
1076 1447 1201 1524 quidem

197 1545 260 1605 otio
284 1546 399 1623 scripsit
426 1567 516 1624 quam
546 1548 639 1607 multa
660 1557 730 1606 sunt
751 1558 859 1619 nostra,
884 1566 979 1623 eaque
1001 1547 1080 1605 hanc
1104 1544 1201 1622 ipsam

138 1620 185 1743 13¹
197 1643 309 1704 habent
330 1663 421 1720 quam
443 1645 538 1722 probo
559 1644 738 1704 varietatem.
781 1647 832 1704 An
852 1664 909 1722 ego
927 1647 1075 1717 Homero,
1090 1641 1199 1714 Ennio,

152 1712 184 1762 ⁰⁹
196 1740 316 1818 reliquis
335 1741 431 1819 poetis
450 1753 480 1802 et
501 1741 629 1802 maxime
650 1741 766 1820 tragicis
786 1743 984 1802 concederem
1003 1753 1036 1800 ut
1053 1761 1092 1801 ne
1106 1739 1201 1800 omni·
1218 1761 1246 1809 15

149 1841 151 1846 ’
198 1838 253 1897 bus
267 1838 340 1898 locis
354 1840 460 1899 eadem
474 1839 668 1900 contentione
689 1850 841 1899 uterentur
861 1839 1026 1915 crebroque
1040 1848 1199 1910 mutarent,

196 1954 259 1995 non
280 1956 445 2013 numquam
466 1936 556 1996 etiam
577 1938 616 1997 ad
638 1936 823 1997 cotidianum
843 1956 937 2013 genus
956 1934 1101 1995 sermonis
1118 1954 1202 1994 acce-

197 2033 322 2092 derent:
347 2033 417 2110 ,ipse
441 2054 606 2111 numquam
628 2035 668 2094 ab
689 2034 740 2094 illa
763 2033 906 2094 acerrima
927 2032 1121 2093 contentione
1144 2031 1202 2091 dis-

193 2131 359 2190 cederem?
400 2132 460 2191 Sed
481 2131 554 2208 quid
575 2143 679 2210 poetas
698 2131 800 2192 divino
821 2130 941 2209 ingenio
961 2130 1104 2207 profero?
1146 2128 1202 2188 Hi-

197 2227 323 2305 striones
339 2247 391 2288 eos
410 2227 539 2288 vidimus
553 2229 662 2306 quibus
676 2228 751 2288 nihil
771 2239 873 2306 posset
888 2227 919 2286 in
936 2247 992 2288 suo
1008 2246 1116 2305 genere
1134 2246 1201 2286 esse
1216 2251 1248 2287 ιο

196 2325 401 2402 praestantius,
424 2326 476 2403 qui
496 2347 559 2386 non
580 2329 676 2387 solum
698 2327 729 2386 in
750 2324 954 2387 dissimillimis
974 2323 1109 2402 personis
1130 2322 1202 2401 satis

197 2422 355 2498 faciebant,
370 2443 440 2483 cum
455 2435 555 2484 tamen
575 2424 606 2484 in
620 2424 681 2484 suis
695 2434 886 2496 versarentur,
902 2423 957 2482 sed
974 2433 1004 2482 et
1018 2422 1202 2481 comoedum

197 2519 228 2579 in
243 2520 401 2597 tragoediis
420 2531 450 2580 et
468 2523 643 2599 tragoedum
664 2521 696 2580 in
717 2519 881 2582 comoediis
900 2520 1066 2579 admodum
1083 2519 1202 2596 placere

139 2644 186 2680 110
198 2617 346 2678 vidimus:
371 2638 427 2695 ego
450 2639 511 2678 non
536 2619 715 2680 elaborem?
756 2620 835 2679 Cum
857 2616 928 2678 dico
952 2637 1009 2690 me,
1033 2626 1071 2688 te,
1097 2617 1199 2688 Brute,

198 2714 289 2790 dico,
313 2736 383 2775 nam
404 2716 435 2775 in
456 2737 505 2776 me
526 2716 650 2793 quidem
671 2716 730 2776 iam
751 2716 867 2794 pridem
888 2716 1028 2775 effectum
1050 2724 1095 2774 est
1116 2714 1200 2790 quod
1216 2733 1247 2783 25

199 2815 330 2872 futurum
351 2813 406 2874 fuit
417 2835 426 2889 3
454 2825 485 2873 tu
506 2825 607 2875 autem
628 2816 736 2876 eodem
758 2815 851 2875 modo
867 2811 966 2873 omnis
984 2831 1088 2872 causas
1106 2813 1202 2888 ages?

176 2922 250 2970 aut
277 2911 399 2988 aliquod
427 2932 583 2972 causarum
611 2933 704 2990 genus
732 2910 930 2990 repudiabis?
963 2920 1015 2970 aut
1041 2908 1073 2996 in
1103 2907 1201 2969 isdem

199 3008 296 3068 causis
320 3020 497 3087 perpetuum
521 3020 551 3070 et
579 3011 709 3070 eundem
737 3008 872 3087 spiritum
897 3007 962 3068 sine
983 3009 1044 3066 ulla
1067 3026 1202 3066 commu-

199 3105 312 3166 tatione
326 3105 498 3167 obtinebis?
534 3109 755 3168 Demosthenes
769 3105 901 3183 quidem,
917 3103 1001 3164 cuius
1015 3123 1110 3181 nuper
1123 3102 1201 3163 inter

199 3201 342 3279 imagines
363 3214 428 3263 tuas
447 3224 483 3264 ac
500 3215 627 3278 tuorum,
643 3205 725 3282 quod
743 3224 812 3264 eum
831 3204 922 3263 credo
935 3221 1058 3274 amares,
1073 3220 1143 3260 cum
1159 3202 1200 3261 ad
1215 3222 1247 3271 30

199 3310 229 3360 te
251 3299 282 3359 in
306 3301 512 3361 Tusculanum
536 3300 693 3375 venissem,
718 3299 878 3378 imaginem
906 3320 942 3360 ex
969 3317 1037 3358 aere
1064 3296 1133 3370 vidi,
1158 3297 1201 3357 nil

218 3513 221 3516 Δ
231 3469 249 3515 9
264 3468 312 3515 pro
325 3454 420 3503 Roscio
431 3454 483 3503 secl.
497 3455 573 3515 Bake,
585 3455 635 3505 coll.
646 3454 751 3516 Quintil.
761 3452 803 3503 xii.
816 3467 836 3502 1.
848 3467 881 3501 ao
1004 3466 1035 3500 10
1051 3450 1077 3500 in
1089 3449 1202 3500 iuvenali

198 3515 310 3567 Schultz:
327 3535 361 3566 ex
373 3520 483 3584 iuvenali
494 3519 634 3582 Heerdegen
718 3534 745 3567 11
765 3526 792 3567 ut
809 3517 967 3578 Lambtitusr
993 3523 1020 3567 at
1034 3515 1086 3565 AL
1167 3530 1201 3565 aa

199 3589 285 3634 tamen
297 3583 365 3632 AL:
383 3591 511 3646 tamquam
521 3584 595 3634 Peter
701 3585 733 3632 28
750 3590 777 3634 et
787 3583 839 3632 secl.
851 3581 943 3632 &aare
