2588 4178
558 182 722 241 nxvrvs
1125 183 1146 241 6
1165 203 1194 251 23

150 348 259 410 Dicere
274 348 353 409 enim
370 350 447 409 bene
461 369 551 409 nemo
562 361 660 427 potest
674 349 730 409 nisi
745 349 796 427 qui
811 352 972 428 prudenter
986 350 1147 428 intellegit,

147 467 207 525 qua
225 467 256 507 re
278 447 329 525 qui
350 447 539 524 eloquentiae
559 467 645 507 verae
665 449 717 507 dat
739 468 869 526 operam,
889 451 941 509 dat
960 449 1144 526 prudentiae,

147 566 208 622 qua
222 565 261 604 ne
276 544 411 614 maximis
426 544 548 622 quidem
568 544 599 603 in
618 545 702 606 bellis
721 565 819 622 aequo
835 546 936 605 animo
956 567 1054 606 carere
1069 546 1145 623 quis·

147 664 239 721 quarn
254 654 360 721 potest.
405 645 567 717 Praeclare,
581 643 712 721 inquam,
730 647 828 716 Brute,
844 644 919 704 dicis
936 664 1033 721 eoque
1051 644 1144 721 magis
1162 665 1191 710 24

117 743 204 812 5ista
225 741 345 802 dicendi
371 742 458 801 laude
479 743 611 802 delector
632 743 715 818 quod
736 754 841 813 cetera,
864 762 941 819 quae
962 754 1031 801 sunt
1053 762 1145 818 quon-

146 842 217 901 dam
237 839 339 899 habita
358 839 388 897 in
407 839 525 899 civitate
545 839 751 917 pulcherrima,
771 859 861 900 nemo
881 851 926 899 est
944 851 1004 899 tam
1025 839 1144 899 humilis

135 936 201 1014 ,qui
216 958 248 996 se
262 959 324 997 non
338 949 389 997 aut
403 957 491 1015 posse
505 937 630 1016 adipisci
648 949 700 997 aut
719 939 862 1014 adeptum
882 948 984 1015 putet,
1005 938 1146 1013 eloquen-

147 1047 210 1095 tem
226 1035 376 1095 neminem
392 1036 480 1096 video
494 1038 606 1096 factum
621 1055 686 1095 esse
700 1034 829 1095 victoria
874 1037 933 1095 Sed
951 1055 1012 1112 quo
1030 1034 1145 1094 facilius

147 1153 247 1192 sermo
266 1133 434 1210 explicetur,
451 1136 598 1206 sedentes,
614 1132 639 1192 si
653 1132 776 1204 videtur,
792 1151 923 1208 agamus,
967 1133 1045 1192 Cum
1064 1131 1144 1191 idem

101 1255 131 1290 ro
147 1230 308 1308 placuisset
322 1231 387 1303 illis,
399 1242 462 1290 tum
478 1231 508 1289 in
523 1233 639 1308 pratulo
654 1240 773 1307 propter
788 1228 920 1289 Platonis
935 1241 1062 1288 statuam
1077 1249 1146 1289 con·

145 1328 286 1388 sedimus

190 1426 252 1486 Hic
274 1437 349 1503 ego:
375 1428 511 1487 Laudare
532 1425 619 1504 igitur
640 1424 842 1503 eloquentiam
865 1436 894 1485 et
915 1436 1027 1502 quanta
1045 1425 1088 1485 vis
1107 1425 1144 1485 sit
1161 1437 1190 1488 ²5

147 1523 212 1583 eius
239 1544 411 1601 expromere
439 1534 643 1601 quantamque
671 1522 713 1583 eis
738 1522 788 1600 qui
818 1521 876 1582 sint
900 1542 966 1582 eam
992 1523 1144 1583 consecuti

146 1621 322 1698 dignitatem
343 1624 465 1695 adserat,
489 1641 586 1698 neque
611 1621 797 1699 propositum
818 1619 906 1680 nobis
928 1633 972 1680 est
998 1623 1055 1680 hoc
1077 1623 1144 1682 loco

100 1742 129 1792 15
147 1739 247 1796 neque
268 1719 475 1779 necessarium.
520 1722 591 1779 Hoc
610 1739 680 1779 vero
701 1719 765 1779 sine
786 1719 846 1778 ulla
868 1718 1054 1778 dubitatione
1075 1740 1144 1778 con·

149 1817 336 1890 firmaverim,
352 1816 413 1878 sive
434 1817 483 1876 illa
504 1828 566 1877 arte
584 1815 713 1895 pariatur
732 1815 832 1892 aliqua
853 1816 915 1876 sive
935 1816 1143 1876 exercitatione

148 1915 279 1991 quadam
295 1914 356 1975 sive
375 1926 488 1988 natura,
504 1934 566 1974 rem
585 1935 675 1974 unam
695 1934 759 1974 esse
777 1913 912 1973 omnium
930 1912 1141 1973 difficillimam.

151 2011 269 2088 Quibus
285 2012 364 2072 enim
380 2033 416 2072 ex
430 2012 562 2089 quinque
582 2012 669 2071 rebus
684 2024 820 2072 constare
834 2010 952 2083 dicitur,
966 2031 1066 2070 earum
1085 2031 1144 2070 una

147 2129 285 2187 quaeque
296 2121 340 2169 est
354 2129 400 2169 ars
415 2108 479 2186 ipsa
494 2129 601 2186 magna
614 2129 666 2187 per
677 2129 749 2169 sese.
774 2111 882 2184 Quare
894 2107 1026 2184 quinque
1037 2108 1142 2166 artium

99 2235 130 2270 πο
145 2227 309 2267 concursus
333 2206 527 2266 maximarum
552 2218 694 2284 quantam
716 2205 775 2265 vim
797 2216 1000 2283 quantamque
1021 2205 1176 2316 difficul-⁷

146 2316 238 2365 tatem
264 2304 372 2364 habeat
395 2303 553 2364 existimari
575 2315 681 2381 potest.
724 2303 823 2363 Testis
844 2314 888 2362 est
910 2301 1042 2373 Graecia,
1066 2322 1142 2378 quae
1158 2332 1189 2382 ,⁶

144 2423 214 2463 cum
236 2401 425 2479 eloquentiae
446 2401 545 2462 studio
566 2401 603 2460 sit
624 2400 746 2461 incensa
770 2400 943 2477 iamdiuque
967 2401 1090 2459 excellat
1111 2400 1142 2459 in

145 2521 181 2562 ea
199 2511 388 2578 praestetque
407 2499 522 2573 ceteriS,
537 2510 637 2559 tamen
656 2498 753 2558 omnis
773 2497 842 2557 artis
859 2496 1034 2557 vetustiores
1053 2497 1143 2556 habet

144 2610 174 2658 et
199 2600 293 2657 multo
321 2608 391 2657 ante
419 2617 480 2656 non
509 2596 643 2657 inventas
671 2598 767 2656 solum
797 2597 850 2655 sed
874 2595 963 2655 etiam
988 2594 1140 2672 perfectas,

98 2725 110 2758 ι
114 2723 129 2773 5
145 2716 235 2774 quam
251 2698 324 2755 haec
339 2706 384 2755 est
399 2691 429 2776 [a
440 2691 574 2775 Graecis]
589 2694 739 2754 elaborata
750 2692 870 2753 dicendi
885 2692 928 2751 vis
942 2703 1032 2768 atque
1046 2691 1140 2768 copia.

145 2796 183 2854 In
204 2813 294 2871 quam
316 2813 386 2853 cum
407 2793 533 2865 intueor,
554 2791 681 2852 maxime
703 2791 776 2850 milri
797 2801 964 2862 occurrunt,
983 2789 1093 2863 Attice,
1112 2801 1142 2849 et

144 2891 229 2970 quasi
251 2894 352 2951 lucent
366 2892 504 2950 Athenae
525 2901 602 2964 tuae,
618 2909 678 2966 qua
699 2889 729 2947 in
751 2889 824 2948 urbe
845 2887 974 2965 primum
994 2907 1026 2946 se
1044 2899 1142 2946 orator

143 2985 247 3046 extulit
266 2984 456 3062 primumque
475 2983 564 3044 etiam
586 2982 788 3043 monumentis
810 2993 839 3042 et
861 2980 964 3041 litteris
983 2980 1077 3039 orati'o
1096 2991 1141 3040 est

143 3096 251 3160 coepta
270 3081 412 3142 mandari.
448 3083 565 3140 Tamen
579 3091 649 3140 ante
664 3079 816 3152 Periclem,
833 3079 917 3138 cuius
932 3078 1040 3155 scripta
1053 3098 1141 3155 quae·
1156 3101 1188 3155 ²7

143 3242 240 3290 diserto
258 3237 392 3286 Probasel:
410 3245 461 3285 tarn
484 3235 626 3284 studiosum
644 3241 670 3283 et
691 3235 859 3282 exercitatum
881 3233 996 3282 audienti
1018 3232 1141 3280 Friedrich

143 3323 159 3355 a
176 3321 252 3353 verae
265 3304 351 3366 vulg.=
368 3302 462 3350 vereL
550 3298 833 3362 6pulcherrimeFOG
922 3313 952 3346 12
968 3297 1072 3346 laudare
1084 3298 1142 3346 H²z

143 3367 275 3420 laudariL
360 3383 389 3428 13
407 3368 550 3429 exprimere
562 3368 601 3414 vel
613 3380 745 3425 exponere
756 3362 822 3412 codd.
836 3363 893 3412 dett.
950 3361 1023 3411 hisL
1082 3371 1142 3411 sunt

142 3437 229 3486 BHM
292 3449 329 3494 15,
346 3436 376 3480 16
393 3433 521 3481 conferam
533 3433 586 3480 veri
597 3429 656 3480 m*
668 3434 736 3481 vetus
803 3432 832 3477 16
849 3428 892 3476 illa
905 3427 979 3476 0¹G²
991 3446 997 3476 ι
1008 3427 1060 3476 ulla
1071 3428 1138 3476 codd.

144 3517 175 3562 ¹9
192 3498 324 3563 quareL:
341 3514 448 3561 quarum
461 3497 557 3559 Kayser
642 3511 671 3543 ar
691 3494 849 3543 habeatG²:
866 3494 1012 3542 habeantL
1109 3507 1140 3554 25

141 3585 158 3617 a
170 3566 276 3617 Graecis
288 3565 340 3613 secl.
352 3563 389 3613 H.
402 3562 496 3625 Meyer:
515 3561 595 3611 abeis
607 3577 666 3609 com
678 3559 770 3609 Piderit
