2588 4178
556 223 720 284 BRVTVS
1093 235 1138 297 49
1154 235 1198 300 185

133 389 241 452 artifex
254 389 361 467 aliquis
376 388 528 451 iudicabit.
572 389 724 450 Efficiatur
737 400 836 449 autem
851 389 891 449 ab
902 401 1017 450 oratore
1031 408 1136 461 necne,

134 498 170 546 ut
184 487 213 548 ei
226 487 278 564 qui
292 486 418 547 audiunt
432 487 473 546 ita
489 486 653 547 afficiantur
666 497 698 546 ut
712 499 810 546 orator
824 485 903 558 velit,
914 485 992 563 vulgi
1007 488 1137 546 adsensu

134 594 168 645 et
186 584 322 662 populari
341 584 557 662 adprobatione
576 583 699 644 iudicari
719 586 801 645 solet.
846 586 953 661 Itaque
971 604 1137 661 numquam

135 683 176 742 de
190 682 274 742 bono
284 692 399 742 oratore
412 692 464 742 aut
478 702 538 741 non
553 682 635 742 bono
644 681 741 741 doctis
754 681 926 742 hominibus
940 701 1009 741 cum
1025 683 1137 759 populo
1149 721 1192 780 50

106 779 284 851 5dissensi0
308 779 372 839 fuit.
418 783 468 839 An
492 798 605 851 censes,
629 781 702 838 dum
727 778 769 837 illi
791 778 946 855 viguerunt
970 799 1046 856 quos
1067 791 1137 838 ante
1152 797 1198 848 186

136 876 208 949 dixi,
218 897 280 937 non
292 879 415 937 eosdem
430 879 537 953 gradus
552 887 701 936 oratorum
716 875 795 953 vulgi
810 875 921 936 iudicio
935 888 965 936 et
979 877 1137 937 doctorum

137 974 251 1034 fuisse?
293 977 340 1033 De
354 975 467 1051 populo
481 972 506 1032 si
520 992 611 1051 quem
625 972 666 1032 ita
685 973 864 1050 rogavisses:
886 972 962 1049 Quis
977 985 1021 1033 est
1036 973 1066 1031 in
1081 975 1138 1033 hac

137 1071 258 1132 civitate
272 1070 557 1148 eloquentissimus?
577 1070 608 1129 in
619 1071 752 1130 Antonio
763 1083 792 1131 et
802 1073 910 1132 Crasso
923 1081 975 1130 aut
988 1069 1138 1130 dubitaret

137 1180 190 1229 aut
204 1170 285 1228 hunc
299 1168 382 1240 alius,
393 1168 476 1228 illum
490 1167 565 1227 alius
580 1167 699 1228 diceret.
737 1170 875 1228 Nemone
890 1168 1062 1245 Philippum
1077 1179 1137 1227 tam

95 1295 126 1332 ιο
138 1285 261 1326 suavem
283 1277 439 1338 oratorem,
455 1276 516 1324 tam
536 1285 666 1342 gravem,
681 1277 741 1324 tam
760 1267 890 1325 facetum
909 1266 1139 1338 hisanteferret,

139 1381 230 1440 quem
245 1361 441 1438 nosmetipsi,
457 1360 510 1438 qui
524 1362 598 1421 haec
612 1374 674 1422 arte
693 1363 792 1438 aliqua
806 1364 943 1422 volumus
960 1363 1136 1441 expendere,

140 1458 308 1538 proximum
328 1458 385 1517 illis
406 1457 496 1518 fuisse
516 1457 669 1519 diximus?
711 1461 810 1519 Nemo
829 1461 962 1535 profecto
972 1481 981 1534 ;
1005 1460 1036 1520 id
1057 1458 1137 1519 enim

140 1557 239 1634 ipsum
254 1565 298 1615 est
313 1555 422 1615 summi
436 1554 559 1615 oratoris
578 1575 728 1615 summum
744 1568 891 1616 oratorem
909 1559 1022 1634 populo
1035 1555 1136 1616 videri.

141 1657 211 1730 Qua
224 1672 256 1712 re
270 1652 381 1712 tibicen
394 1651 589 1730 Antigenidas
603 1651 708 1712 dixerit
722 1651 869 1730 discipulo
884 1673 955 1714 sane
969 1652 1085 1731 frigenti
1098 1654 1138 1712 ad
1154 1648 1198 1711 ¹⁸7

99 1784 107 1818 ι
113 1780 127 1830 5
140 1752 304 1828 populum:
327 1748 404 1808 Mihi
425 1769 500 1809 cane
518 1761 548 1809 et
563 1749 678 1823 Musis3
699 1770 754 1826 ego
773 1750 843 1808 huic
859 1754 951 1810 Bmto
970 1749 1090 1822 dicenti,
1106 1762 1139 1810 ut

140 1850 225 1920 solet,
240 1848 322 1925 apud
343 1845 573 1918 multitudinem,
591 1845 668 1905 Mihi
690 1865 763 1906 cane
784 1859 814 1906 et
835 1850 955 1925 populo,
975 1847 1016 1906 mi
1038 1851 1139 1919 Brute,

140 1945 274 2017 dixerim,
297 1955 330 2004 ut
352 1944 404 2021 qui
427 1943 550 2004 audient
574 1943 647 2021 quid
671 1942 820 2017 efficiatur,
844 1964 900 2021 ego
922 1945 1011 2023 etiam
1033 1965 1085 2005 cur
1107 1945 1138 2004 id

140 2041 285 2105 efficiatur
306 2041 484 2118 intellegam.
528 2039 631 2100 Credit
652 2038 694 2099 eis
718 2058 795 2116 quae
819 2040 958 2100 dicuntur
982 2040 1034 2118 qui
1055 2039 1139 2100 audit

141 2150 298 2221 oratorem,
314 2159 382 2199 vera
402 2148 494 2216 putat,
509 2137 674 2197 adsentitur
694 2138 809 2214 probat,
824 2139 916 2198 fidem
937 2139 1006 2198 facit
1027 2137 1138 2204 oratio:

98 2267 127 2302 20
141 2250 175 2297 tu
189 2235 293 2297 artifex
306 2235 379 2313 quid
393 2234 510 2312 quaeris
523 2234 674 2312 amplius?
717 2237 889 2295 Delectatur
902 2236 1027 2296 audiens
1044 2236 1140 2296 multi·
1154 2230 1200 2279 ¹⁸⁸

142 2337 219 2395 tudo
232 2345 263 2394 et
276 2333 395 2394 ducitur
413 2331 547 2393 oratione
566 2343 596 2392 et
609 2331 694 2409 quasi
708 2335 860 2411 voluptate
874 2335 1004 2414 quadam
1023 2336 1140 2411 perfun-

141 2433 239 2495 ditur:
271 2431 345 2510 quid
368 2431 462 2491 habes
486 2432 569 2508 quod
597 2430 754 2508 disputes?
803 2433 923 2492 Gaudet
950 2434 1040 2504 dolet,
1063 2432 1140 2492 ridet

142 2534 247 2610 plorat,
266 2532 344 2589 favet
365 2529 437 2600 odit,
458 2527 624 2588 contemnit
644 2527 765 2600 invidet,
785 2529 825 2589 ad
846 2528 1077 2589 misericordiam
1098 2529 1140 2590 in-

143 2628 270 2700 ducitur,
292 2629 332 2687 ad
354 2627 539 2704 pudendum,
561 2627 601 2685 ad
623 2624 785 2703 pigendum
796 2648 804 2700 ;
827 2625 959 2686 irascitur
981 2627 1137 2703 mitigatur,

99 2763 127 2810 25
144 2737 243 2806 sperat
260 2725 344 2786 timet
354 2747 362 2799 3
384 2727 459 2784 haec
477 2723 602 2801 perinde
620 2724 769 2797 accidunt,
785 2735 818 2784 ut
838 2744 941 2784 eorum
960 2725 1012 2802 qui
1030 2727 1140 2785 adsunt

144 2835 260 2885 mentes
279 2822 376 2883 verbis
393 2833 424 2882 et
441 2821 595 2884 sententiis
616 2832 646 2881 et
666 2822 784 2882 actione
805 2834 965 2882 tractantur
974 2844 983 2896 3
1004 2822 1076 2899 quid
1095 2836 1140 2882 est

144 2920 227 2997 quod
242 2927 427 2993 exspectetur
440 2915 522 2976 docti
534 2914 659 2975 alicuius
673 2915 841 2975 sententia?
875 2918 967 2992 Quod
981 2916 1061 2975 enim
1076 2937 1141 2994 pro-

144 3018 197 3077 bat
215 3014 384 3086 multitudo,
400 3015 458 3073 hoc
477 3012 558 3072 idem
577 3011 674 3072 doctis
694 3014 883 3088 probandum
904 3025 957 3073 est.
1001 3014 1140 3090 Denique

145 3116 204 3174 hoc
224 3111 377 3191 specimen
401 3120 450 3184 est
468 3109 618 3188 popularis
641 3109 741 3183 iudici,
762 3110 794 3169 in
818 3129 879 3187 quo
900 3130 1063 3187 numquam
1085 3111 1140 3171 fuit

98 3247 131 3295 30
145 3214 257 3291 populo
271 3229 341 3270 cum
355 3207 452 3269 doctis
465 3207 764 3286 intellegentibusque
778 3207 932 3268 dissensio.
962 3211 1040 3270 Cum
1055 3210 1139 3269 multi
1153 3205 1201 3274 ι89

145 3319 244 3371 essent
258 3317 391 3373 oratores
401 3305 432 3365 in
446 3305 527 3366 vario
540 3326 648 3383 genere
661 3305 790 3379 dicendi,
807 3305 872 3383 quis
887 3326 1029 3383 umquam
1044 3327 1079 3366 ex
1093 3307 1139 3367 his

178 3481 194 3515 a
211 3463 320 3513 audiunt
335 3459 377 3509 L:
393 3460 499 3509 audiant
510 3459 611 3508 Emesli
618 3477 624 3509 ε
648 3462 754 3510 audient
772 3460 838 3511 codd.
851 3462 895 3510 det.
998 3476 1026 3520 14
1044 3461 1138 3511 dixerit

145 3546 208 3580 sane
219 3528 346 3590 discipulo
361 3523 469 3591 Madvig
566 3527 596 3573 18
613 3525 654 3574 his
668 3525 700 3591 L,
715 3542 774 3577 corr.
793 3527 860 3590 vulg.
962 3541 992 3587 24
1009 3525 1139 3587 mitigatur·

143 3596 249 3645 Schelle:
268 3589 408 3642 miraturL
507 3605 549 3653 27,
561 3592 593 3638 28
609 3593 698 3652 quod.
715 3627 742 3641 ..
757 3593 915 3654 probandum
928 3598 967 3640 est
978 3591 1030 3640 secl.
1046 3591 1139 3656 Campe

147 3677 186 3726 29,
200 3677 233 3722 30
250 3660 277 3708 in
290 3675 341 3721 quo
354 3695 360 3708 .
373 3693 380 3707 .
395 3695 401 3708 .
414 3656 541 3706 dissensio
557 3656 608 3706 secl.
621 3657 751 3706 Eberhard
