2588 4178
347 214 635 276 PARTITIONES
664 213 917 275 ORATORIAE
1107 224 1208 287 37130

144 380 216 441 dine
234 389 285 440 aut
302 380 457 441 conventis
476 381 633 441 hominum
653 393 682 442 et
696 381 780 459 quasi
795 401 944 442 consensu
963 380 1143 442 obtinentur.
1200 403 1202 405 ¹

144 481 246 555 Atque
273 479 363 539 etiarn
390 481 449 539 hoc
477 479 508 541 in
536 472 646 557 primis,
673 490 705 538 ut
734 491 851 540 nostros
880 499 977 540 mores
1005 481 1145 556 legesque

144 587 291 650 tueamur,
304 578 437 653 quodam
452 578 545 637 modo
564 577 689 637 naturali
704 577 767 637 iure
781 577 994 655 praescriptum
1009 586 1061 637 est.
1105 576 1145 633 Et
1160 585 1204 634 131

144 673 287 752 quoniam
302 673 429 734 breviter
442 686 512 735 sunt
524 674 618 751 aperti
630 673 715 752 quasi
729 676 827 735 fontes
841 675 964 753 quidam
978 672 1144 751 aequitatis,

114 770 288 844 5meditata
308 770 396 832 nobis
416 773 456 832 ad
476 773 535 832 hoc
556 792 712 832 causarum
732 792 827 850 genus
850 792 915 833 esse
936 773 1091 833 debebunt
1110 789 1145 830 ea

143 886 222 945 quae
244 868 373 929 dicenda
391 880 477 929 erunt
498 869 529 929 in
552 869 736 931 orationibus
758 871 797 930 de
821 881 933 942 natura,
957 870 997 930 de
1020 867 1144 946 legibus,

144 967 183 1026 de
204 985 287 1027 more
311 965 465 1039 maiorum,
486 968 525 1026 de
546 968 749 1045 propulsanda
769 966 882 1039 iniuria,
905 969 944 1028 de
965 965 1146 1040 ulciscenda,

143 1063 183 1123 de
208 1063 291 1124 omni
315 1075 397 1140 parte
421 1063 500 1124 iuris
544 1064 575 1125 si
599 1064 803 1142 imprudenter
826 1075 877 1125 aut
898 1064 1074 1125 necessitate
1094 1074 1146 1124 aut

144 1180 216 1220 casu
233 1160 387 1239 quippiam
408 1161 518 1234 fecerit,
534 1163 617 1238 quod
639 1182 700 1222 non
722 1165 936 1223 concederetur
956 1162 998 1222 eis
1020 1161 1072 1238 qui
1093 1181 1147 1222 sua

99 1279 131 1316 ιο
144 1269 252 1335 sponte
272 1270 303 1318 et
322 1260 475 1318 voluntate
499 1258 645 1332 fecissent,
668 1262 707 1320 ad
728 1258 792 1319 eius
813 1259 883 1320 sacti
904 1259 1146 1338 deprecationem

143 1354 320 1433 ignoscendi
343 1356 474 1434 petenda
494 1356 581 1416 venia
604 1367 657 1428 est,
680 1377 758 1434 quae
782 1369 915 1417 sumetur
939 1378 975 1417 ex
997 1356 1146 1434 plerisque

143 1452 217 1513 locis
241 1452 408 1529 aequitatis.
455 1453 631 1530 Expositum
656 1465 709 1526 est,
735 1465 769 1514 ut
792 1454 878 1532 potui
902 1454 1082 1526 brevissime,
1107 1455 1146 1514 de

144 1549 228 1610 omni
242 1549 508 1610 controversiarum
522 1571 638 1629 genere,
651 1551 708 1611 nisi
722 1562 874 1630 praeterea
885 1562 917 1611 tu
929 1551 1001 1629 quid
1012 1551 1143 1629 requiris.

187 1648 221 1708 C.
242 1648 322 1708 Illud
344 1647 485 1725 equidem
505 1649 588 1724 quod
609 1647 668 1707 iam
689 1668 784 1709 unum
809 1657 919 1709 restare
940 1648 1037 1722 video,
1058 1626 1178 1726 quale³

98 1764 130 1817 ¹⁵
145 1744 191 1818 sit,
202 1765 272 1804 cum
283 1744 460 1822 disceptatio
474 1756 605 1804 versatur
618 1745 650 1805 in
664 1745 788 1823 scriptis.
829 1749 860 1806 P.
873 1747 968 1806 Recte
982 1745 1146 1823 intellegis,
1161 1716 1205 1765 ῳ

143 1836 202 1898 isto
221 1837 302 1898 enim
321 1837 456 1916 exposito
473 1858 582 1899 munus
600 1836 737 1916 promissi
751 1858 842 1900 omne
861 1842 1027 1900 confecero
1071 1841 1147 1900 Sunt

142 1933 231 2011 igitur
258 1933 391 2012 ambigui
421 1935 542 1996 duobus
571 1935 744 1996 adversariis
775 1948 934 2014 praecepta
964 1934 1143 1997 communia.

142 2034 277 2107 Vterque
291 2031 371 2091 enirn
390 2051 456 2092 eam
480 2032 727 2109 significationem
742 2053 802 2111 qua
822 2033 932 2093 nitetur
945 2032 1009 2110 ipse
1023 2032 1145 2109 dignam

143 2127 293 2206 scriptoris
307 2129 465 2206 prudentia
483 2149 549 2189 esse
568 2131 729 2205 defendet3
750 2141 874 2208 uterque
894 2130 926 2190 id
944 2133 1026 2207 quod
1045 2131 1147 2190 adver-

98 2250 130 2286 ao
143 2225 237 2285 sarius
268 2245 304 2286 ex
331 2226 470 2303 ambigue
493 2225 608 2304 ‚scripto
636 2226 870 2304 intellegendum
898 2247 963 2288 esse
990 2227 1072 2288 dicet
1094 2239 1146 2287 aut

143 2322 306 2382 absurdum
325 2334 377 2383 aut
395 2322 499 2384 inutile
517 2335 569 2383 aut
588 2323 724 2401 iniquum
743 2335 795 2384 aut
814 2335 900 2402 turpe
920 2344 985 2384 esse
1004 2325 1146 2386 defendet

143 2429 195 2479 aut
215 2418 306 2480 etiam
327 2419 493 2498 discrepare
517 2441 587 2481 cum
612 2421 718 2481 ceteris
742 2421 858 2499 scriptis
880 2423 927 2482 vel
950 2421 1076 2482 aliorum
1099 2422 1146 2483 vel

143 2517 280 2591 maxime,
296 2517 322 2578 si
339 2518 477 2595 potuerit,
493 2516 647 2593 eiusdem3
668 2538 819 2596 quamque
835 2521 977 2582 desendet
991 2518 1063 2597 ipse,
1079 2539 1145 2578 eam

143 2635 206 2675 rem
223 2626 253 2675 et
267 2614 445 2676 sententiam
460 2615 595 2693 quemvis
614 2619 793 2695 prudentem
811 2628 841 2677 et
855 2616 966 2677 iustum
981 2615 1144 2690 hominem,

99 2737 129 2787 25
143 2711 168 2772 si
181 2712 328 2790 integrum
344 2714 470 2786 daretur,
486 2713 664 2792 scripturum
678 2714 777 2787 fuisse,
794 2716 847 2774 sed
861 2714 999 2792 planius;
1018 2734 1146 2792 eamque
1161 2738 1206 2790 133

142 2808 321 2870 sententiam
349 2829 440 2887 quam
465 2809 622 2888 significari
644 2830 733 2889 posse
756 2811 837 2872 dicet
860 2811 935 2871 nihil
956 2813 1067 2873 habere
1094 2824 1146 2872 aut

143 2905 290 2984 captionis
310 2896 362 2967 aut
381 2906 433 2967 viti
443 2929 452 2982 ;
473 2908 650 2969 contrariam
674 2920 775 2970 autem
795 2908 820 2969 si
839 2908 1000 2988 probarint,
1020 2911 1083 2969 fore
1102 2908 1145 2968 uti

143 3006 237 3064 multa
257 3003 363 3065 vitiosa
386 3008 476 3067 stulta
500 3005 603 3084 iniqua
627 3006 773 3067 contraria
793 3017 1022 3084 consequantur.
1066 3007 1144 3068 Cum

142 3111 244 3162 autem
262 3100 345 3162 aliud
363 3102 490 3164 sensisse
501 3103 632 3187 'scriptor
645 3103 762 3180 videtur
775 3115 805 3165 et
819 3103 903 3174 aliud*
917 3102 1078 3181 scripsisse,
1092 3102 1145 3180 qui

97 3223 129 3272 30
142 3198 253 3277 scripto
273 3197 392 3270 nitetur,
414 3220 483 3260 eum
508 3221 539 3262 re
563 3200 696 3279 exposita
719 3200 893 3263 recitatione
918 3200 961 3260 uti
985 3199 1143 3277 oportebit,

143 3296 254 3358 deinde
273 3294 382 3357 instare
400 3296 577 3372 adversario,
592 3297 697 3361 iterare
715 3317 857 3360 renovare
876 3297 1054 3374 interrogare
1070 3318 1144 3358 num

175 3466 191 3512 3
216 3452 326 3502 naturali
343 3452 432 3516 vulga:
457 3460 563 3503 naturae
579 3453 647 3517 Pp‘:
674 3453 774 3503 naturai
790 3451 819 3517 p¹
938 3469 967 3514 14
993 3453 1096 3515 quidem
1121 3452 1149 3500 P

143 3531 174 3578 15
190 3518 344 3567 verseturP
441 3521 470 3567 18
486 3520 583 3568 nitetur
593 3521 679 3583 vulg:
703 3519 873 3568 utereturP:
900 3525 986 3568 utetur
1001 3518 1068 3568 codd.
1088 3518 1143 3568 dett.

139 3595 174 3642 ,19
191 3582 306 3632 defendit
318 3583 344 3632 P
406 3599 438 3632 aa
456 3599 514 3632 eum
524 3585 594 3648 vulg.
608 3601 615 3633 ε
630 3601 707 3648 quam
719 3601 735 3634 a
746 3584 784 3634 P:
802 3599 879 3646 quom
890 3600 906 3633 a
918 3583 1039 3632 Fn'edn'ch
1111 3585 1146 3631 26

140 3645 335 3709 significare?
393 3658 395 3662 ’
420 3650 495 3699 decet
511 3648 538 3696 Ρ
1109 3686 1110 3689 ¹
