2588 4178
133 221 173 296 38
190 244 234 296 132
454 222 498 280 M.
527 217 655 280 TVLLI
685 222 917 283 CICERONIS

186 410 292 462 carem,
320 389 428 450 necin
453 389 576 450 veritate
601 389 711 450 crimen
737 388 921 467 arrogantiae
946 389 1170 451 extimescerem
1182 411 1189 462 ;

185 491 247 560 sed,
267 501 299 548 ut
321 509 409 566 supra
431 488 502 562 dixi,
519 491 602 548 nulla
624 509 673 548 me
695 487 796 566 ingeni
818 491 871 549 sed
894 508 1003 566 magna
1025 489 1068 548 vis
1095 488 1187 548 animi

185 586 368 661 inflammat,
382 599 414 646 ut
436 607 484 645 me
509 585 573 663 ipse
598 607 659 646 non
683 597 801 647 teneam
812 609 820 660 ;
845 607 901 646 nec
923 607 1068 664 umquam
1090 588 1115 647 is
1137 587 1189 665 qui

185 685 300 745 audiret
320 685 536 764 incenderetur,
554 683 609 743 nisi
628 687 736 745 ardens
755 686 880 745 adeum
898 685 1064 761 perveniret
1084 685 1186 745 oratio.

185 785 291 843 Vterer
315 782 457 858 exemplis
479 781 659 854 domesticis
681 781 738 841 nisi
761 802 796 842 ea
817 782 947 860 legisses,
967 794 1064 843 uterer
1084 783 1219 844 alienis5

185 883 231 940 vel
251 880 373 952 LatiniS,
393 880 416 939 si
435 883 495 940 ulla
515 880 681 958 reperirem,
698 883 744 941 vel
764 881 895 954 Graecis,
914 881 937 940 si
957 883 1084 942 deceret.
1129 884 1189 943 Sed

186 978 284 1039 Crassi
302 998 451 1056 perpauca
468 989 537 1037 sunt
551 999 608 1038 nec
629 998 665 1038 ea
682 978 870 1062 iudiciorum,
886 979 960 1038 nihil
974 979 1100 1054 Antoni,
1115 980 1189 1040 nihil

185 1079 300 1148 Cottae,
317 1076 391 1135 nihil
409 1075 539 1153 Sulpici;
560 1076 680 1136 dicebat
695 1077 801 1136 melius
816 1096 906 1154 quarn
927 1077 1042 1155 scripsit
1059 1081 1190 1138 Horten-

125 1190 170 1239 133
184 1174 252 1234 sius
296 1177 408 1234 Verum
430 1175 504 1234 haec
518 1173 577 1248 vis,
594 1194 685 1250 quam
707 1174 885 1251 quaerimus,
906 1187 1018 1252 quanta
1039 1175 1076 1235 sit
1096 1175 1190 1254 suspi-

183 1293 292 1345 cemur,
315 1271 457 1349 quoniam
481 1275 650 1350 exemplum
673 1293 734 1332 non
756 1274 911 1346 habemus,
933 1285 984 1333 aut
1006 1274 1030 1333 si
1052 1276 1189 1352 exempla
1204 1300 1235 1336 ro

183 1370 343 1447 sequimur,
367 1391 385 1429 a
409 1372 615 1430 Demosthene
643 1375 795 1430 sumamus
824 1383 854 1431 et
878 1371 1001 1448 quidem
1026 1384 1189 1450 perpetuae

162 1536 164 1538 ,
183 1467 323 1536 dictionis
349 1489 384 1528 ex
405 1487 442 1540 eo
463 1471 532 1529 loco
553 1470 634 1528 unde
655 1468 686 1527 in
707 1468 913 1546 Ctesiphontis
934 1468 1046 1530 iudicio
1067 1472 1106 1531 de
1127 1471 1189 1531 suis

183 1565 276 1639 lactis,
295 1565 437 1638 consiliis,
456 1565 567 1625 meritis
591 1565 621 1624 in
644 1586 705 1625 rem
729 1566 880 1643 publicam
902 1568 1058 1644 adgressus
1081 1580 1125 1628 est
1147 1569 1190 1628 di-

183 1684 257 1725 cere.
302 1666 347 1723 Ea
362 1666 495 1740 profecto
512 1662 607 1723 oratio
626 1663 656 1723 in
674 1684 740 1723 eam
760 1665 886 1723 formam
901 1685 979 1741 quae
995 1677 1040 1725 est
1054 1665 1143 1726 insita
1157 1666 1189 1726 in

184 1761 334 1821 mentibus
357 1760 464 1820 nostris
482 1760 595 1821 includi
615 1760 657 1820 sic
676 1772 782 1839 potest,
800 1772 833 1820 ut
848 1762 941 1821 maior
959 1764 1131 1841 eloquentia
1148 1784 1188 1824 ne
1204 1793 1233 1844 15

184 1859 347 1936 requiratur
362 1859 492 1936 quidem.

123 1923 171 2063 1333
225 1959 285 2018 Sed
304 1956 363 2018 iam
383 1959 478 2016 forma
499 1953 589 2038 [ipsa]
609 1968 699 2017 restat
718 1968 747 2018 et
764 1959 909 2037 χαρακτὴρ
926 1958 975 2019 ille
992 1959 1044 2037 qui
1061 1959 1189 2034 dicitur;

184 2054 241 2132 qui.
253 2055 349 2132 qualis
368 2074 433 2114 esse
454 2055 564 2114 debeat
585 2075 621 2115 ex
642 2054 689 2114 his
710 2075 788 2132 quae
809 2056 996 2134 supradicta
1017 2069 1087 2118 sunt
1105 2057 1190 2119 intel-

183 2152 241 2230 legi
257 2164 364 2231 potest
408 2154 487 2211 Nam
503 2163 532 2212 et
547 2151 729 2229 singulorum
745 2153 901 2216 verborum
918 2166 948 2214 et
962 2157 1187 2216 conlocatorum

132 2277 135 2282 ·
183 2251 297 2311 lumina
315 2249 484 2327 attigimus;
508 2249 617 2327 quibus
639 2249 681 2310 sic
699 2251 874 2324 abundabit,
889 2263 924 2311 ut
938 2253 1062 2313 verbum
1081 2274 1117 2314 ex
1136 2274 1188 2315 ore
1204 2280 1235 2314 20

183 2352 298 2409 nullum
317 2349 373 2408 nisi
388 2360 439 2408 aut
453 2351 573 2427 elegans
591 2361 643 2409 aut
656 2369 744 2427 grave
761 2362 853 2422 exeat,
870 2371 905 2411 ex
923 2351 1066 2430 omnique
1079 2373 1189 2430 genere

183 2446 439 2526 frequentissimae
458 2446 665 2507 translationes
680 2459 773 2520 erunt,
791 2450 874 2525 quod
888 2469 941 2510 eae
955 2461 1076 2527 propter
1090 2450 1190 2510 simili-

183 2545 319 2606 tudinem
340 2546 520 2604 transierunt
540 2544 657 2604 animos
678 2556 708 2606 et
730 2548 859 2605 referunt
879 2567 915 2606 ac
937 2559 1059 2608 movent
1077 2550 1137 2609 huc
1158 2561 1189 2609 et

182 2644 261 2716 illuc,
274 2642 327 2721 qui
341 2654 440 2704 motus
457 2641 644 2720 cogitationis
658 2643 792 2704 celeriter
804 2643 931 2721 agitatus
948 2666 1001 2723 per
1014 2667 1046 2706 se
1060 2645 1124 2724 ipse
1139 2649 1189 2708 de·

183 2744 280 2802 lectat.
315 2742 355 2800 Et
369 2740 482 2817 reliqua
496 2760 531 2800 ex
546 2739 754 2801 conlocatione
768 2742 926 2801 verborum
938 2763 1015 2820 quae
1029 2756 1188 2804 sumuntur
1202 2773 1231 2822 ²5

183 2839 268 2918 quasi
296 2838 411 2898 lumina
438 2858 579 2916 magnum
608 2840 746 2898 adferunt
773 2851 911 2899 ornatum
943 2841 1070 2902 orationi
1081 2864 1090 2917 3
1118 2855 1189 2904 sunt

183 2938 263 2998 enim
289 2936 396 2996 similia
418 2935 474 2996 illis
499 2945 576 3013 quae
599 2935 629 2995 in
652 2939 753 3014 amplo
778 2949 883 2997 ornatu
907 2958 1034 2999 scaenae
1057 2951 1109 3000 aut
1133 2940 1190 3001 sori

143 3068 146 3072 >
183 3037 370 3114 appellantur
386 3034 523 3112 insignia,
537 3054 599 3093 non
620 3034 690 3112 quia
709 3036 772 3094 sola
791 3047 905 3109 ornent,
923 3039 976 3099 sed
994 3040 1077 3115 quod
1096 3042 1191 3100 excel-

121 3152 169 3208 ,¹³5
184 3137 253 3194 lant.
299 3135 415 3193 Eadem
437 3132 511 3193 ratio
532 3145 577 3193 est
596 3135 703 3194 horum
720 3154 800 3211 quae
822 3146 891 3194 sunt
912 3135 1054 3196 orationis
1074 3136 1189 3197 lumina

184 3243 213 3292 et
224 3233 356 3309 quodam
372 3232 464 3291 modo
479 3231 623 3310 insignia:
641 3251 708 3291 cum
724 3243 776 3291 aut
786 3232 976 3310 duplicantur
987 3233 1189 3319 iteranturque
1204 3261 1235 3308 30

183 3331 274 3390 verba
288 3342 339 3388 aut
353 3329 455 3389 leviter
469 3341 653 3392 commutata
674 3342 834 3407 ponuntur,
850 3342 901 3391 aut
920 3332 959 3391 ab
973 3334 1081 3392 eodem
1096 3334 1189 3394 verbo

220 3490 230 3522 1
250 3476 459 3538 pertimescerem
482 3478 507 3523 A
652 3478 771 3539 4audiet
790 3479 942 3526 incendetur
964 3514 970 3527 .
993 3515 999 3528 .
1023 3517 1029 3530 .
1054 3481 1189 3541 perveniet

184 3542 255 3590 Bake
350 3543 580 3603 9susplcamurA
683 3559 712 3605 15
731 3560 782 3592 non
795 3543 971 3605 requiraturL
1073 3560 1101 3605 17
1131 3545 1189 3609 ipsa

184 3624 235 3656 om.
251 3606 277 3654 A
380 3609 409 3657 18
426 3608 467 3657 his
485 3608 510 3654 A
525 3626 532 3657 r
557 3609 620 3671 ipsis
640 3608 678 3658 L:
707 3610 738 3658 lis
756 3609 982 3672 ipsisLambr'nus
1079 3611 1112 3658 28
1128 3610 1188 3673 quia

184 3674 210 3721 A
230 3677 254 3721 et
272 3673 376 3734 Quintil.
395 3675 430 3723 ix.
449 3689 470 3735 1,
484 3689 536 3734 37:
552 3676 621 3736 quod
637 3675 658 3722 L
724 3689 754 3737 3¹
773 3674 865 3724 leviter
878 3675 979 3724 Ernesti
995 3675 1034 3737 (esi
1051 3673 1190 3726 Gesmrad

183 3737 289 3799 Quintil.
304 3737 339 3787 ix.
357 3755 377 3802 1,
391 3740 451 3804 38):
469 3740 583 3790 breviter
593 3739 644 3788 AL
655 3739 759 3804 Quintil.
773 3758 779 3792 :
796 3741 836 3790 bis
847 3740 959 3790 breviter
971 3740 1090 3806 Pluygers
