2588 4178
149 224 228 285 2179
462 207 506 269 M.
536 209 664 269 avam
692 208 924 271 crcuaours

149 386 181 434 80
194 380 352 457 appellant,
366 397 421 439 nos
432 378 619 457 propositum
630 397 788 457 possumus
800 377 962 438 nominare.
996 378 1096 440 Causa
1106 377 1196 439 certis

194 476 328 555 personis
342 477 417 538 locis
431 478 616 555 temporibus
630 476 798 539 actionibus
812 476 939 556 negotiis
953 476 1082 538 cernitur
1096 488 1148 538 aut
1162 477 1196 536 in

194 575 335 638 omnibus
354 587 405 636 aut
424 575 455 635 in
475 575 623 654 plerisque
638 595 749 650 eorum,
766 575 952 655 propositum
969 588 1071 636 autem
1089 585 1142 636 aut
1161 575 1194 634 in

193 673 294 751 aliquo
322 693 426 734 eorum
456 686 508 734 aut
541 673 572 732 in
605 674 738 751 pluribus
771 693 828 734 nee
855 685 956 734 tamen
984 673 1015 733 in
1044 673 1192 752 maximis.

185 775 301 851 ‘Itaque
325 771 510 850 propositum
535 792 602 851 pars
623 784 668 832 est
688 791 803 832 causae.
847 774 907 832 Sed
932 771 1031 832 omnis
1055 771 1223 850 quaestios

192 890 293 930 earum
304 870 404 948 aliqua
412 872 451 931 de
462 882 549 932 reest
557 869 666 947 quibus
681 890 788 930 causae
799 869 997 943 continentur,
1007 882 1059 930 aut
1070 889 1131 929 una
1141 881 1195 929 aut

147 985 175 1032 81
192 967 326 1046 pluribus
340 981 391 1029 aut
405 989 467 1030 non
481 967 646 1046 numquam
661 967 810 1029 omnibus.
854 967 1074 1043 Quaestionum
1091 980 1194 1028 autem

194 1070 400 1144 ‘quacumque
425 1061 464 1127 de
488 1069 535 1127 re’
560 1066 715 1127 sunt'duo
739 1085 864 1144 genera:
894 1085 989 1126 unum
1013 1065 1195 1144 cognitionis

145 1172 176 1222 82
191 1164 316 1224 alterum
341 1163 475 1225 actionis.
528 1163 717 1242 Cognitionis
742 1173 811 1224 sunt
835 1183 888 1224 eae
910 1183 1035 1242 quarum
1058 1175 1104 1224 est
1124 1163 1195 1224 finis

191 1260 322 1335 scientia,
339 1272 371 1322 ut
386 1262 410 1322 si
425 1273 582 1340 quaeratur
596 1283 614 1322 a
628 1273 773 1322 naturane
792 1261 838 1321 ius
857 1263 1024 1340 profectum
1043 1258 1139 1322 sitan
1154 1262 1194 1323 ab
1211 1281 1238 1316 10

191 1358 290 1437 aliqua
314 1359 399 1437 quasi
423 1360 601 1421 condicione
629 1359 786 1420 hominum
811 1371 841 1420 et
866 1359 1012 1437 pactione.
1055 1359 1195 1421 Actionis

192 1469 291 1517 autem
313 1458 400 1518 huius
422 1458 504 1520 modi
526 1461 662 1537 exempla
683 1470 770 1519 sunt:
802 1457 1047 1543 Sitne-sapientis
1068 1459 1108 1518 ad
1129 1479 1194 1519 rem

192 1554 342 1633 publicam
377 1558 528 1616 accedere.
584 1555 772 1634 Cognitionis
806 1555 996 1633 quaestiones
1031 1554 1194 1633 tripertitae

192 1662 279 1727 sunt3
299 1665 350 1728 aut
364 1653 440 1715 sitne
454 1665 505 1714 aut
519 1653 593 1731 quid
608 1653 644 1714 sit
658 1664 709 1714 aut
723 1656 811 1732 quale
825 1636 862 1714 sit
877 1653 1034 1731 quaeritur.
1071 1655 1193 1715 Horum

192 1749 320 1826 primum
348 1751 527 1825 coniectura,
554 1752 722 1812 secundum
755 1750 940 1826 definitione,
968 1751 1088 1812 tertium
1121 1751 1193 1812 iuris
1209 1768 1236 1818 15

192 1859 221 1908 et
248 1847 371 1909 iniuriae
399 1849 591 1911 distinctione
619 1849 788 1926 explicatur.
832 1850 1031 1911 Coniecturae
1057 1849 1133 1910 ratio
1162 1850 1193 1910 in

192 1935 331 2022 quattuor
344 1958 442 2024 partes
456 1946 679 2021 distributa-est,
693 1967 818 2025 quarum
832 1967 892 2007 una
902 1958 947 2007 est
961 1967 1031 2007 cum
1041 1947 1194 2024 quaeritur

191 2041 268 2103 sitne
286 2043 418 2120 aliquid;
444 2046 535 2105 altera
554 2046 635 2106 unde
654 2056 753 2105 ortum
772 2045 809 2105 sit
819 2067 827 2119 3
851 2044 937 2106 tertia
955 2065 1033 2123 quae
1050 2044 1083 2106 id
1102 2065 1193 2106 causa

191 2139 338 2216 effecerit3
369 2154 473 2218 quarta
497 2142 528 2202 in
553 2163 613 2220 qua
637 2144 675 2203 de
700 2143 935 2204 commutatione
962 2143 1004 2203 rei
1032 2143 1190 2221 quaeritur.

191 2237 274 2299 Sitne
302 2237 362 2299 sic:
377 2235 379 2238 ’
395 2239 575 2317 ecquidnam
604 2240 640 2301 sit
668 2243 836 2315 honestum,
865 2240 975 2318 ecquid
1002 2260 1133 2318 aequum
1161 2261 1193 2302 re
1209 2264 1239 2300 ιο

190 2356 277 2411 vera,·
307 2356 346 2396 an
371 2339 446 2397 haec
471 2349 587 2398 tanturn
616 2338 647 2397 in
671 2338 815 2414 opinione
840 2335 932 2420 [sint].
976 2340 1066 2398 Vnde
1090 2349 1192 2399 autem

190 2435 228 2494 sit
252 2443 368 2511 ortum:
401 2446 434 2494 ut
461 2454 530 2494 cum
559 2434 717 2512 quaeritur,
743 2445 848 2495 natura
871 2455 910 2495 an
935 2434 1071 2497 doctrina
1097 2435 1193 2514 possit

191 2529 268 2590 effici
292 2529 398 2592 virtus:
436 2533 535 2593 Causa
558 2523 658 2592 autem
683 2532 813 2593 efficiens
838 2532 880 2593 sic
901 2532 1059 2611 quaeritur,
1081 2533 1192 2611 quibus

138 2660 179 2733 m:
190 2628 279 2688 rebus
294 2628 465 2706 eloquentia
479 2629 628 2690 efficiatur.
666 2632 714 2689 De
727 2628 962 2690 commutatione
977 2630 1037 2690 sic:
1058 2633 1193 2708 possitne

145 2766 176 2829 83
191 2726 362 2802 eloquentia
376 2726 610 2787 commutatione
624 2726 724 2804 aliqua
733 2726 866 2787 converti
876 2726 907 2785 in
917 2726 1080 2787 infantiam.
1111 2729 1191 2789 Cum
1208 2749 1238 2800 ²5

162 2815 168 2829 ‘
191 2834 292 2883 autem
307 2822 380 2900 quid
398 2824 438 2884 sit
456 2824 613 2900 quaeritur,
629 2824 713 2884 notio
728 2823 904 2901 explicanda
918 2836 963 2884 est
979 2836 1009 2884 et
1027 2825 1193 2903 proprietas

191 2931 221 2979 et
234 2918 341 2981 divisio
356 2931 385 2980 et
400 2920 526 2998 partitio.
571 2923 657 2982 Haec
672 2921 752 2981 enim
768 2931 836 2981 sunt
851 2920 1019 2982 definitioni
1032 2922 1195 2999 attributa;

189 3015 310 3076 additur
333 3016 423 3076 etiam
447 3017 618 3096 descriptio,
639 3022 917 3099 quamxapaxrfipa
942 3018 1048 3079 Graeci
1072 3031 1191 3081 vocant.

131 3099 135 3106 ¹
190 3112 283 3175 Notio
311 3114 353 3174 sic
378 3115 544 3192 quaeritur:
576 3115 653 3177 sitne
677 3116 708 3177 id
732 3137 862 3194 aequum
887 3118 970 3194 quod
995 3116 1023 3177 ei
1047 3117 1099 3199 qui
1124 3121 1193 3196 plus

189 3221 288 3288 potest
302 3211 374 3272 utile
389 3223 440 3272 est.
479 3213 645 3291 Proprietas
660 3213 720 3274 sic:
739 3214 770 3273 in
785 3213 979 3274 hominemne
994 3216 1091 3280 solum
1101 3218 1193 3276 cadat
1209 3241 1240 3289 ³0

189 3327 228 3368 an
255 3308 345 3368 etiam
373 3308 404 3368 in
432 3309 536 3370 beluas
560 3310 722 3389 aegritudo.
768 3311 883 3372 Divisio
908 3321 938 3372 et
961 3311 1072 3373 eodem
1100 3325 1192 3390 pacto

221 3463 237 3511 8
253 3461 353 3512 suntd:
370 3462 421 3512 sint
437 3463 507 3514 codd.
556 3480 654 3526 genera
672 3465 808 3514 Fn'edn'clr:
826 3481 924 3528 genera
934 3473 995 3516 suut
1007 3464 1086 3515 codd..
1160 3482 1195 3518 ao

156 3553 159 3559 ·
189 3526 313 3641 Sitneosbic
325 3527 445 3578 Friedrich
457 3547 463 3577 ι
480 3530 513 3578 sit
524 3545 608 3580 necne
618 3531 653 3580 sit
664 3532 732 3580 codd.
747 3549 752 3582 :
769 3531 839 3582 sitne
848 3547 931 3581 necne
942 3532 976 3580 sit
985 3531 1010 3580 Α
1091 3547 1122 3581 ar
1141 3534 1195 3584 sint

188 3608 238 3642 om.
