2564 4170
543 199 704 261 TOPICA
1088 202 1132 262 26
1145 212 1179 276 9⁸

133 353 218 415 omni
241 354 355 415 ratione
378 353 508 416 dicendi.
551 354 704 416 Peroratio
726 365 828 416 autem
852 365 883 417 et
905 355 964 416 alia
984 358 1133 434 quaedam

134 453 226 514 habet
244 463 274 513 et
292 451 420 513 maxime
438 451 710 530 amplificationem,
730 451 816 514 cuius
833 455 958 514 effectus
975 453 1025 515 hic
1042 455 1135 515 debet

134 570 208 624 esse,
224 561 258 610 ut
274 561 327 610 aut
345 551 555 628 perturbentur
571 549 666 610 animi
683 561 736 611 aut
754 550 982 629 tranquillentur
994 563 1033 626 et,
1051 551 1077 612 si
1093 551 1135 612 ita

133 646 245 709 adfecti
258 647 318 708 iam
332 658 402 708 ante
416 648 485 723 sint,
499 658 533 707 ut
545 660 598 708 aut
614 659 721 726 augeat
739 668 843 709 eorum
863 661 962 709 motus
980 660 1032 710 aut
1050 651 1135 711 sedet

105 744 238 812 soratio.
290 744 374 805 Huic
391 743 500 822 generi,
523 743 556 804 in
575 765 638 822 quo
658 756 689 806 et
709 744 913 806 misericordia
933 757 964 807 et
982 745 1136 807 iracundia
1147 773 1181 827 99

134 855 165 902 et
188 842 294 904 odium
318 854 349 903 et
372 842 485 903 invidia
507 854 538 904 et
562 853 678 904 ceterae
701 843 794 903 animi
816 843 1001 906 adfectiones
1024 856 1137 923 pertur-

134 941 252 1014 bantur,
263 951 423 1019 praecepta
436 939 664 1018 suppeditantur
676 939 742 1001 aliis
756 937 815 1024 [in]
828 940 920 1014 libris,
935 961 1012 1021 quos
1024 942 1135 1020 poteris

136 1057 256 1098 mecum
280 1040 378 1116 legere
404 1058 473 1098 cum
497 1040 588 1098 voles
640 1040 691 1099 Ad
715 1038 748 1099 id
771 1051 873 1099 autem
896 1041 980 1117 quod
1006 1052 1036 1101 te
1058 1042 1136 1101 velle

136 1155 297 1209 senseram,
312 1137 464 1197 cumulate
477 1135 548 1196 satis
564 1137 678 1196 factum
699 1156 765 1197 esse
785 1137 877 1198 debet
890 1137 1036 1199 voluntati
1056 1148 1133 1198 tuae

90 1255 123 1290 ro
137 1233 218 1292 Nam
229 1253 271 1293 ne
289 1232 479 1310 praeterirem
492 1229 606 1312 aliquid
625 1234 710 1311 quod
726 1235 766 1294 ad
784 1246 993 1312 argumentum
1006 1235 1038 1294 in
1052 1235 1136 1296 omni
1151 1254 1199 1292 roo

136 1328 252 1390 ratione
270 1328 478 1408 reperiendum
498 1329 666 1408 pertineret,
680 1332 766 1410 plura
783 1351 875 1409 quam
888 1351 907 1392 a
920 1344 950 1393 te
968 1332 1137 1394 desiderata

136 1439 221 1488 erant
234 1448 302 1488 sum
316 1430 489 1506 complexus
499 1427 617 1506 fecique
628 1430 712 1507 quod
721 1449 811 1507 saepe
820 1428 956 1498 liberales
966 1431 1137 1493 venditores

136 1527 242 1597 solent,
268 1536 309 1599 ut,
335 1545 405 1586 cum
428 1527 519 1587 aedes
546 1528 712 1587 fundumve
734 1526 923 1588 vendiderint
946 1526 1019 1588 rutis
1042 1528 1136 1589 caesis

135 1622 272 1701 receptis,
295 1625 463 1684 concedant
487 1635 592 1696 tamen,
616 1624 730 1702 aliquid
750 1624 879 1704 emptori
902 1626 986 1703 quod
1009 1625 1136 1687 ornandi

91 1739 122 1790 ¹5
136 1741 228 1782 causa
247 1731 317 1799 apte
335 1733 366 1782 et
386 1722 455 1782 loco
475 1721 607 1800 positum
626 1742 692 1783 esse
710 1723 846 1784 videamr
855 1745 865 1799 ς
887 1723 931 1784 sic
949 1722 1004 1784 tibi
1022 1744 1079 1786 nos
1095 1726 1136 1786 ad

135 1818 168 1880 id
179 1820 263 1896 quod
277 1818 362 1896 quasi
376 1819 527 1898 mancipio
540 1821 612 1881 dare
625 1820 786 1882 debuimus
799 1832 975 1883 ornamenta
987 1823 1137 1900 quaedam

135 1915 286 1978 voluimus
300 1937 362 1978 non
375 1916 478 1979 debita
491 1919 642 1979 accedere

166 2076 225 2120 ret
234 2087 285 2120 om.
299 2069 353 2119 Ao
417 2078 477 2134 5et
488 2072 621 2122 iracundia
630 2073 683 2123 secl.
696 2072 818 2123 Fn'edn'ch
917 2073 1118 2137 7inmoodd
