2588 4178
107 215 212 287 36127
445 212 489 272 M.
511 211 639 272 rvmr
661 212 894 273 crcaronrs

103 396 149 450 1²7
162 378 368 441 definitionem
381 378 620 457 sententiamque
634 381 798 441 confirmet.
835 382 936 458 Atque
948 379 1115 441 accusatori
1130 379 1167 440 sit

161 477 193 537 in
212 479 271 538 hoc
289 497 398 554 genere
415 495 570 537 causarum
590 480 674 538 locus
694 477 744 538 ille
763 478 943 553 communis,
957 478 1081 538 minime
1101 498 1167 538 esse

161 576 399 647 concedendum,
415 573 493 652 ntis
512 573 564 651 qui
583 576 622 634 de
640 595 671 634 re
692 576 869 635 confiteatur
882 575 965 635 verbi
979 594 1011 635 se
1025 575 1167 653 interpre-
1247 594 1249 598 ’

161 671 274 733 tatione
301 673 442 732 defendat
454 694 463 746 3
492 673 631 732 defensor
657 684 758 732 autem
787 684 817 732 et
840 693 877 732 ea
903 693 994 750 quam
1022 672 1167 750 proposui

160 769 310 848 aequitate
327 768 437 829 nitatur
450 780 480 829 et
494 789 531 829 ea
549 789 618 829 cum
636 789 738 829 secum
757 769 854 842 saciat,
869 788 931 830 non
946 790 977 830 re
994 771 1048 830 sed
1061 771 1194 848 depra-5

161 868 280 928 vatione
297 865 379 927 verbi
400 885 465 926 sese
481 865 577 943 urgeri
592 878 738 943 queratur.
783 869 853 951 Quo
873 866 904 925 in
923 886 1031 943 genere
1044 887 1166 945 percen-

161 985 225 1025 sere
247 964 354 1042 poterit
375 967 534 1042 plerosque
554 962 727 1024 inveniendi
748 966 832 1024 locos
842 985 850 1037 ;
874 983 944 1023 nam
966 975 996 1024 et
1017 964 1166 1025 similibus

160 1073 260 1122 utetur
279 1074 309 1122 et
329 1061 483 1122 contrariis
504 1071 534 1120 et
553 1061 807 1138 consequentibus
824 1080 1006 1137 quamquam
1028 1073 1164 1139 uterque,

161 1171 261 1220 tamen
289 1180 367 1234 reus,
394 1159 451 1219 nisi
476 1162 565 1236 plane
597 1157 652 1218 erit
682 1159 812 1219 absurda
842 1179 940 1232 causa,
969 1161 1162 1237 frequentius.

101 1272 148 1320 128
162 1256 374 1335 Amplificandi
397 1268 498 1317 autem
526 1275 616 1316 causa
637 1275 715 1332 quae
742 1268 887 1332 aut-cum
912 1257 1123 1334 degredientur
1146 1278 1209 1324 aro

160 1374 250 1414 causa
263 1353 362 1414 dicere
376 1356 477 1414 volent
490 1365 542 1413 aut
555 1373 624 1412 cum
636 1354 824 1430 perorabunt,
835 1373 872 1413 θα
885 1356 932 1414 vel
946 1357 986 1415 ad
1000 1345 1105 1415 odium
1116 1358 1164 1416 vel

159 1453 199 1512 ad
221 1450 453 1511 misericordiam
471 1452 518 1509 vel
537 1452 576 1511 ad
596 1450 680 1510 omni
702 1453 794 1510 modo
812 1451 929 1512 animos
950 1451 1084 1512 iudicum
1102 1472 1166 1514 mo

160 1551 275 1609 vendos
289 1569 325 1608 ex
335 1547 378 1609 eis
389 1568 466 1626 quae
480 1558 549 1608 sunt
560 1559 629 1608 ante
641 1547 737 1625 posita
752 1560 914 1622 sumentur,
924 1549 949 1608 si
960 1552 1053 1610 modo
1064 1570 1164 1610 rerum

162 1646 336 1724 magnitudo
350 1645 544 1706 hominumve
557 1657 609 1704 aut
622 1645 734 1706 invidia
747 1657 799 1705 aut
813 1645 940 1724 dignitas
954 1648 1129 1724 postulabit.

111 1744 150 1806 37
203 1745 237 1806 C.
260 1744 371 1804 Habeo
392 1744 465 1818 ista3
492 1764 573 1804 nunc
594 1763 735 1820 eaquae,
757 1763 827 1803 cum
842 1747 931 1821 quale
951 1744 988 1804 sit
1006 1745 1162 1824 quippiam
1179 1765 1205 1818 ¹⁵

101 1834 148 1888 ¹²9
161 1841 350 1919 disceptatur,
373 1841 481 1918 quaeri·
499 1861 535 1901 ex
559 1852 683 1918 utraque
705 1853 788 1918 parte
811 1844 917 1903 deceat
937 1841 1024 1902 velim
1048 1844 1161 1905 audire.

160 1942 192 1998 P.
212 1940 401 2001 Confitentur
424 1938 455 1998 in
477 1939 535 1999 isto
559 1959 666 2016 genere
687 1938 740 2016 qui
759 1950 931 2016 arguuntur,
950 1959 982 2000 se
1003 1940 1035 2000 id
1056 1941 1163 2003 secisse

157 2037 257 2115 ,ipsum
281 2037 396 2114 inquo
420 2039 695 2114 reprehenduntur;
729 2037 946 2114 sedquoniam
971 2037 1035 2098 iure
1062 2059 1095 2099 se
1123 2041 1164 2100 fe-

159 2134 234 2196 cisse
248 2135 361 2208 dicunt,
377 2134 447 2194 iuris
465 2146 510 2195 est
526 2134 624 2194 omnis
643 2133 717 2194 ratio
736 2134 824 2194 nobis
839 2134 1023 2213 explicanda
1067 2138 1161 2213 Quod

159 2244 190 2293 et
209 2231 351 2293 dividitur
372 2232 404 2291 in
427 2233 502 2292 duas
525 2231 634 2309 primas
658 2231 756 2310 partis,
780 2243 914 2291 naturam
937 2244 1027 2310 atque
1052 2235 1160 2311 legem,
1175 2250 1205 2287 20

159 2341 189 2390 et
203 2330 356 2408 utriusque
370 2329 485 2407 generis
499 2329 542 2390 vis
559 2329 590 2389 in
605 2329 739 2390 divinum
754 2342 785 2390 et
798 2332 963 2390 humanum
981 2330 1026 2390 ius
1043 2344 1089 2392 est
1103 2333 1161 2392 dis-

99 2435 100 2438 ’
159 2428 286 2504 tributa3
313 2449 441 2506 quorum
468 2427 626 2504 aequitatis
653 2440 699 2488 est
722 2449 827 2503 unum,
847 2432 973 2488 alterum
1001 2429 1158 2507 religionis.

99 2557 147 2605 130
160 2525 327 2602 Aequitatis
345 2537 445 2587 autem
462 2526 506 2585 vis
527 2538 572 2586 est
590 2529 718 2604 duplex:
746 2526 831 2587 cuius
851 2530 943 2587 altera
960 2529 1084 2588 derecta
1099 2528 1161 2590 veri

159 2635 189 2684 et
211 2623 280 2683 iusti
304 2636 343 2698 et,
365 2635 398 2683 ut
420 2623 534 2698 dicitur,
559 2624 648 2701 ae'qui
675 2636 705 2684 et
732 2624 805 2685 boni
833 2625 948 2686 ratione
971 2626 1160 2701 defenditur;

159 2723 250 2782 altera
270 2722 310 2781 ad
329 2721 563 2783 vicissitudinem
584 2724 756 2782 referendae
776 2722 887 2800 gratiae
906 2723 1052 2801 pertinet;
1076 2727 1160 2802 quod
1175 2739 1203 2789 25

159 2817 190 2878 in
211 2817 360 2879 beneficio
379 2818 479 2896 gratia,
500 2819 531 2878 in
552 2818 658 2879 iniuria
678 2819 812 2897 poenitio
836 2819 1015 2880 nominatur.
1057 2824 1159 2900 Atque

159 2919 234 2977 haec
250 2916 422 3003 communia
441 2928 510 2976 sunt
527 2928 648 2977 naturae
667 2928 757 2994 atque
775 2916 848 2994 legis
857 2940 865 2991 3
885 2919 940 2977 sed
954 2917 1073 2996 propria
1086 2919 1159 2997 legis

159 3026 189 3074 et
203 3035 238 3074 ea
253 3033 329 3092 quae
346 3007 454 3091 scripta
473 3026 550 3087 sunt,
566 3026 596 3075 et
609 3035 646 3075 ea
659 3035 737 3092 quae
756 3014 820 3074 sine
838 3013 940 3074 litteris
959 3027 1010 3075 aut
1024 3017 1158 3092 gentium

158 3112 221 3173 iure
237 3123 289 3172 aut
306 3111 451 3172 maiorum
473 3133 555 3173 more
574 3112 744 3173 retinentur.
786 3115 970 3191 Scriptorum
989 3125 1089 3175 autem
1104 3115 1161 3194 pri-

159 3222 260 3271 vatum
284 3209 366 3270 aliud
389 3221 442 3283 est,
466 3209 620 3287 publicum
645 3210 746 3271 aliud:
777 3211 932 3289 publicum
957 3213 1003 3272 lex
1028 3211 1160 3273 senatus-
1173 3223 1206 3272 30

158 3310 329 3367 consultum
359 3308 473 3380 foedus,
499 3307 645 3385 privatum
677 3310 796 3369 tabulae
826 3319 947 3386 pactum
975 3321 1159 3370 conventum

158 3404 317 3483 stipulatio.
361 3405 448 3480 Quae
466 3416 566 3465 autem
585 3405 694 3484 scripta
710 3427 772 3467 non
789 3418 866 3480 sunt,
882 3426 918 3466 ea
935 3418 987 3466 aut
1001 3419 1160 3469 consuetu-

193 3578 204 3610 1
224 3561 401 3609 defensionem
414 3560 440 3609 P
565 3577 579 3621 4
597 3569 624 3610 et
635 3577 667 3610 ea
679 3577 754 3625 quam
767 3564 890 3624 proposui
902 3564 970 3627 uulgr.
984 3581 990 3613 ε
1008 3563 1040 3612 ad
1050 3579 1080 3613 ea
1090 3579 1159 3627 quae

158 3626 292 3690 proposuit
303 3625 424 3676 Fn'edn'ch
509 3642 536 3675 11
556 3643 587 3676 ea
597 3628 638 3677 P:
656 3628 719 3677 haec
731 3629 814 3691 vulga:
833 3644 891 3677 esse
902 3628 971 3678 codd.
983 3629 1039 3680 dm.
1126 3645 1160 3693 ⁹3

160 3694 267 3743 derecta
275 3691 317 3746 P:
333 3692 431 3751 directa
444 3691 522 3742 Orelli
527 3711 533 3743 ι
551 3693 641 3742 directi
652 3693 720 3745 codd.
731 3693 787 3743 dett.
799 3710 805 3744 :
822 3695 919 3743 directo
931 3701 958 3743 et
969 3695 1037 3759 vulg.
