2588 4178
308 764 360 840 M.
398 761 560 838 TVLLI
606 760 908 838 CICERONIS

246 963 480 1039 ORATOR
523 963 604 1038 AD
651 965 704 1039 M.
746 961 972 1038 BRVTVM

147 1188 265 1248 Vravu
292 1187 442 1250 difficilius
468 1199 520 1250 aut
547 1188 643 1250 maius
670 1198 749 1249 esset
772 1207 880 1265 negare
907 1186 962 1248 tibi
980 1160 1134 1286 saepius}

106 1284 188 1346 idem
209 1286 324 1364 roganti
341 1306 381 1347 an
403 1287 519 1349 efficere
541 1286 573 1348 id
595 1287 678 1364 quod
698 1305 815 1364 rogares
835 1284 888 1346 diu
909 1287 1105 1362 multumque,

107 1383 209 1458 Brute,
226 1383 368 1445 dubitavi.
412 1387 491 1446 Nam
511 1395 541 1446 et
560 1404 668 1463 negare
688 1382 716 1444 ei
735 1403 826 1461 quem
845 1382 933 1444 unice
953 1381 1107 1460 diligerem

107 1479 217 1558 cuique
238 1501 287 1542 me
312 1481 496 1543 carissimum
519 1501 584 1543 esse
611 1479 761 1555 sentirem,
784 1479 956 1558 praesertim
980 1490 1011 1540 et
1032 1470 1110 1539 iusta

76 1577 221 1656 spetenti
242 1589 272 1639 et
292 1581 443 1658 praeclara
462 1578 602 1658 cupienti,
623 1581 732 1640 durum
752 1579 918 1638 admodum
939 1576 1013 1637 mihi
1029 1575 1110 1637 vide

107 1674 203 1748 batur,
218 1686 249 1737 et
269 1675 419 1754 suscipere
440 1687 554 1736 tantam
573 1695 644 1749 rem,
661 1686 804 1753 quantam
825 1693 888 1735 non
909 1676 1002 1735 modo
1020 1675 1111 1734 sacul-

108 1784 169 1834 tate
182 1773 327 1851 consequi
341 1774 461 1836 difficile
475 1785 554 1836 esset
567 1775 621 1835 sed
636 1773 726 1835 etiam
740 1772 920 1850 cogitatione
940 1771 1108 1851 complecti,

107 1869 155 1930 vix
169 1870 332 1932 arbitrabar
345 1891 411 1933 esse
425 1871 489 1933 eius
504 1871 556 1949 qui
569 1883 719 1933 vereretur
732 1869 993 1950 reprehensionem
1008 1872 1111 1931 docto

108 1989 173 2029 rum
190 1979 281 2047 atque
299 1969 500 2047 prudentium.
545 1969 629 2047 Quid
647 1969 728 2031 enim
747 1979 793 2030 est
812 1967 908 2029 maius
924 1988 1024 2046 quam,
1040 1987 1138 2028 cuma

62 2083 95 2120 ιο
108 2076 190 2126 tanta
210 2065 248 2126 sit
268 2066 345 2128 inter
365 2078 496 2128 oratores
520 2067 618 2128 bonos
638 2065 858 2139 dissimilitudo,
881 2065 1012 2127 iudicare
1033 2085 1110 2143 quae

109 2162 146 2224 sit
160 2162 274 2242 optima
287 2163 402 2242 species
419 2175 449 2225 et
465 2163 551 2242 quasi
568 2166 661 2242 figura
673 2162 819 2225 dicendi?
861 2164 953 2239 Quod
967 2161 1110 2241 quoniam

109 2281 157 2322 me
171 2261 289 2338 saepius
307 2281 400 2341 rogas,
416 2261 570 2340 aggrediar
590 2282 652 2322 non
672 2271 734 2321 tam
754 2259 929 2339 perficiendi
947 2279 1001 2338 spe
1019 2279 1111 2337 quam

108 2357 280 2436 experiendi
306 2361 459 2420 voluntate
471 2381 480 2435 ;
514 2361 594 2420 malo
626 2357 718 2433 enim,
745 2377 815 2419 cum
846 2357 946 2418 studio
974 2368 1027 2417 tuo
1054 2356 1111 2416 sim

108 2455 278 2530 obsecutus,
300 2456 461 2518 desiderari
483 2478 502 2519 a
524 2467 554 2518 te
574 2455 765 2536 prudentiam
790 2475 889 2517 meam
910 2475 1009 2533 quam,
1033 2453 1057 2515 si
1078 2455 1111 2515 id

63 2566 95 2619 rs
107 2572 170 2613 non
184 2553 314 2627 fecerim,
330 2553 578 2616 benevolentiam

150 2650 276 2727 Quaeris
310 2651 398 2729 igitur
430 2651 522 2730 idque
557 2651 616 2714 iam
652 2650 770 2729 saepius
805 2652 888 2728 quod
922 2648 1139 2727 eloquentiae3

107 2767 202 2826 genus
224 2749 349 2827 probem
373 2747 503 2810 maxime
525 2760 555 2810 et
576 2751 664 2827 quale
689 2748 762 2808 mlhi
786 2747 922 2810 videatur
945 2746 1029 2822 illud,
1050 2766 1111 2825 quo

108 2844 182 2904 nihil
206 2845 279 2907 addi
302 2845 407 2925 possit,
431 2848 514 2925 quod
542 2866 599 2925 ego
626 2866 778 2906 summum
806 2856 836 2906 et
862 2843 1110 2924 perfectissimum

108 2942 247 3004 iudicem.
292 2945 330 3004 In
344 2964 406 3022 quo
418 2964 523 3006 vereor
536 2964 582 3026 ne,
599 2943 624 3004 si
638 2943 670 3005 id
684 2945 768 3022 quod
781 2942 825 3003 vis
839 2944 965 3004 effecero
980 2962 1110 3020 eumque

62 3054 95 3089 ²0
108 3051 256 3101 oratorem
279 3060 370 3118 quem
395 3040 512 3119 quaeris
536 3061 715 3120 expressero,
740 3041 854 3101 tardem
883 3038 982 3100 studia
1006 3041 1112 3100 multo

108 3157 183 3212 rum,
199 3136 251 3216 qui
272 3137 480 3216 desperatione
500 3137 646 3199 debilitati
665 3137 789 3216 experiri
807 3136 838 3198 id
857 3138 961 3197 nolent
977 3139 1060 3214 quod
1079 3156 1111 3198 se

109 3233 228 3312 assequi
242 3254 331 3313 posse
344 3235 488 3297 diffidant.
533 3236 593 3297 Sed
611 3255 665 3314 par
680 3246 726 3296 est
744 3233 842 3295 omnis
859 3233 961 3294 omnia
978 3232 1111 3311 experiri,
1125 3257 1141 3304 4

108 3332 160 3411 qui
179 3351 225 3392 res
242 3352 365 3410 magnas
383 3344 414 3394 et
430 3353 540 3412 magno
556 3353 647 3411 opere
667 3335 848 3411 expetendas
865 3329 1109 3409 concupiverunt.

143 3499 173 3546 ¹¹1
191 3500 243 3547 quo
254 3484 277 3533 L
287 3500 295 3535 r
310 3486 351 3534 cui
362 3484 429 3536 codd.
441 3484 496 3537 dell.
590 3500 621 3535 ar
640 3486 727 3536 nolent
744 3485 823 3535 FPM
829 3503 834 3535 :
851 3491 874 3534 el
885 3485 1021 3536 Columella
1032 3485 1066 3535 R.
1078 3483 1112 3535 R.

109 3552 126 3602 i.
135 3550 216 3618 praes.
228 3551 277 3600 28:
293 3550 428 3601 nollentO
540 3565 572 3600 aa
589 3552 703 3601 diffidant
714 3551 798 3602 FPO:
815 3552 932 3601 diffident
944 3551 1083 3604 Columella
