2588 4178
64 243 68 248 .
130 199 170 273 ⁸⁵
186 221 232 274 292
452 201 495 259 M.
525 157 654 260 rvrrr
683 200 917 263 cronnours

184 364 323 446 Epicuri),
348 367 399 445 qui
424 367 455 429 id
483 368 681 447 reprehendit,
707 370 860 431 assentior.
904 371 965 432 Sed
992 369 1023 431 in
1052 369 1183 445 historia,

122 481 124 485 ·
183 476 289 542 quatu
305 485 336 525 es
351 485 422 526 usus
437 464 467 526 in
483 466 566 527 omni
581 487 727 543 sermone,
744 488 813 528 cum
829 467 924 545 qualis
944 468 1072 546 quisque
1086 480 1185 529 orator

181 562 285 623 luisset
295 582 466 641 exponeres,
477 563 546 624 vide
561 584 681 642 quaeso,
693 564 797 643 inquit,
811 585 850 626 ne
864 576 925 625 tam
937 568 1185 644 reprehendenda

181 660 219 721 sit
246 660 342 721 ironia
366 681 456 738 quam
484 660 515 721 in
541 661 722 723 testimonio.
767 665 913 739 Quorsus,
932 663 1185 741 inquam,*istuc?

119 785 166 837 293
182 778 243 819 non
267 758 347 819 enim
371 759 520 839 intellego.
564 759 644 834 Quia
668 759 808 838 primurn,
830 760 936 843 inquit,
960 760 1002 821 ita
1026 761 1212 836 laudavistis

182 858 330 933 quosdam
352 868 483 917 oratores
497 868 531 916 ut
546 856 699 935 imperitos
714 877 818 935 posses
832 857 863 917 in
885 879 1015 919 errorem
1030 858 1181 921 inducere.

182 953 333 1031 Equidem
361 953 393 1013 in
416 953 596 1031 quibusdam
621 953 713 1015 risum
737 955 786 1014 vix
810 956 959 1029 tenebam,
983 976 1053 1017 cum
1082 956 1185 1018 Attico

181 1052 287 1128 Lysiae
307 1053 456 1113 Catonem
470 1064 605 1113 nostrum
624 1053 830 1131 comparabas‚
844 1073 986 1130 magnum
1000 1074 1050 1114 me
1064 1056 1185 1117 hercule

181 1148 335 1209 hominem
354 1150 401 1210 vel
419 1149 519 1227 potius
538 1170 688 1210 summurn
711 1162 741 1210 et
758 1150 936 1228 singularem
955 1150 1185 1220 virum-nemo

181 1247 261 1307 dicet
282 1267 427 1321 secus-3
448 1249 501 1308 sed
524 1251 693 1308 oratorem?
718 1249 772 1309 sed
794 1247 884 1308 etiam
906 1248 1013 1326 Lysiae
1034 1248 1185 1310 similem?
1203 1271 1231 1308 ro

181 1364 243 1422 quo
264 1342 338 1403 nihil
359 1348 545 1422 potestesse
566 1344 682 1423 pictius.
727 1346 811 1405 Bella
832 1344 937 1419 ironia,
953 1344 977 1405 si
1000 1345 1166 1408 iocaremur
1176 1369 1184 1422 ;

182 1441 228 1502 sin
249 1443 467 1516 adseveramus,
490 1442 559 1503 vide
579 1462 619 1503 ne
640 1442 743 1521 religio
763 1443 852 1503 nobis
870 1455 932 1502 tam
951 1443 1126 1505 adhibenda
1146 1445 1185 1505 sit

108 1539 167 1617 '294
182 1559 272 1616 quam
287 1539 312 1599 si
327 1539 531 1600 testimonium
546 1540 729 1600 diceremus:
750 1538 822 1618 ‘Ego
837 1540 918 1600 enim
930 1542 1082 1603 ⁴Catonern
1097 1552 1184 1602 tuum

180 1649 214 1696 ut
232 1636 339 1711 civem,
353 1645 387 1696 ut
403 1647 583 1711 senatorem,
597 1649 630 1697 ut
648 1637 868 1715 imperatorem,
884 1648 917 1698 ut
936 1637 1184 1717 virum-denique

181 1754 250 1794 cum
272 1735 430 1812 prudentia
451 1746 482 1795 et
502 1734 655 1812 diligentia
676 1745 741 1795 tum
762 1735 846 1795 omni
860 1735 968 1796 virtute
987 1739 1182 1798 excellentem
1199 1764 1229 1814 15

178 1832 294 1908 probo;
329 1831 478 1892 orationes
511 1844 611 1892 autem
639 1832 703 1892 eius
733 1839 770 1892 'ut
797 1831 854 1893 illis
878 1832 1064 1910 temporibus
1095 1837 1184 1895 valde

179 1928 480 2006 laudo—significant
502 1930 582 1990 enim
604 1933 730 1990 formam
753 1932 906 2008 quandam
928 1930 1038 2009 ingeni,
1061 1934 1115 1993 sed
1133 1935 1185 1993 ad·

180 2029 305 2087 modum
328 2026 495 2104 impolitam
520 2038 550 2087 et
572 2030 660 2105 plane
683 2029 837 2101 rudem—,
861 2027 999 2106 Origines
1019 2049 1090 2090 vero
1111 2049 1183 2090 curn

180 2124 321 2184 omnibus
336 2123 459 2186 oratoris
476 2124 615 2186 laudibus
632 2128 753 2201 refertas
773 2124 887 2186 diceres
904 2136 935 2186 et
950 2127 1098 2188 Catonem
1112 2147 1183 2188 curn

181 2221 305 2281 Philisto
327 2233 356 2282 et
375 2223 555 2299 Thucydide
576 2242 773 2300 comparares,
791 2225 924 2283 Brutone
941 2233 971 2283 te
988 2223 1019 2284 id
1038 2225 1182 2285 censebas
1197 2249 1228 2284 ao

179 2340 218 2380 an
241 2319 315 2380 mihi
338 2321 554 2397 probaturum?
596 2322 682 2396 Quos
707 2319 788 2381 enim
811 2341 850 2380 ne
875 2341 892 2381 e
916 2321 1037 2382 Graecis
1059 2321 1182 2400 quidem

180 2412 338 2496 quisquam
358 2417 466 2478 imitari
483 2428 592 2495 potest,
606 2417 652 2478 his
672 2429 704 2478 tu
721 2437 877 2496 comparas
897 2419 1052 2480 hominem
1069 2422 1184 2480 Tuscu-

125 2559 167 2616 36
180 2519 283 2577 lanum
304 2518 439 2577 nondum
462 2515 663 2594 suspicantem
685 2518 773 2593 quale
795 2526 873 2576 esset
893 2516 1016 2594 copiose
1032 2528 1063 2577 et
1078 2530 1182 2579 ornate

181 2614 288 2675 dicere.
332 2614 460 2674 Galbam
488 2615 600 2674 laudas.
645 2613 675 2674 Si
703 2624 737 2674 ut
765 2613 843 2674 illius
871 2613 976 2675 aetatis
1005 2614 1179 2694 principem,

179 2710 414 2773 adsentior-sic
435 2710 516 2771 enim
540 2710 771 2788 accepimus-3
800 2712 904 2772 simut
925 2724 1081 2786 oratorem,
1104 2716 1181 2775 cedo
1196 2733 1226 2784 ²5

180 2830 292 2889 quaeso
313 2808 573 2870 orationes-sunt
593 2808 746 2870 enim-et
768 2809 818 2870 dic
836 2811 925 2883 hunc,
949 2830 1039 2888 quem
1061 2822 1093 2872 tu
1114 2815 1182 2890 plus

180 2928 271 2986 quam
290 2919 320 2967 te
338 2926 431 2981 amas,
446 2909 571 2966 Brutum
586 2909 662 2968 velle
682 2919 712 2968 te
730 2906 782 2968 illo
801 2908 895 2968 modo
916 2907 1023 2969 dicere.
1067 2911 1182 2970 Probas

180 3005 288 3083 Lepidi
316 3004 478 3080 orationes,
501 3007 642 3076 ¹Paulum
672 3003 722 3065 hic
751 3003 805 3065 tibi
833 3004 993 3078 adsentior,
1019 3008 1112 3066 modo
1140 3006 1182 3067 ita

179 3106 283 3164 laudes
310 3114 344 3163 ut
365 3101 522 3180 antiquas3
536 3139 543 3152 -=
551 3104 635 3180 quod
663 3102 734 3164 item
764 3105 803 3164 de
827 3102 977 3176 Africano,
1003 3104 1042 3163 de
1066 3103 1178 3176 Laelio,

179 3201 263 3262 cuius
278 3213 310 3262 tu
320 3200 459 3281 ⁴oratione
477 3220 568 3278 negas
581 3201 644 3262 fieri
663 3200 825 3288 quicquam
844 3221 933 3280 posse
952 3193 1081 3275 dulcius,
1092 3202 1180 3263 addis
1193 3221 1228 3272 30

179 3299 268 3360 etiam
294 3297 396 3359 nescio
424 3297 497 3376 quid
524 3298 685 3376 augustius.
730 3298 863 3360 Nomine
887 3319 943 3360 nos
965 3298 1047 3376 capis
1069 3300 1180 3360 summi

118 2661 165 2714 295

213 3471 227 3516 7
246 3471 304 3504 curn
327 3456 369 3506 L:
402 3456 454 3506 secl
479 3453 587 3519 Stangl:
615 3470 674 3502 narn
694 3455 828 3512 Eberhard,
849 3456 895 3518 qui
913 3461 936 3503 et
956 3456 1051 3504 marlai!
1069 3462 1097 3504 ut
1121 3472 1178 3506 cum

182 3538 212 3570 ra
229 3529 280 3570 tam
292 3528 401 3584 atquem
414 3559 420 3572 .
432 3557 439 3571 .
453 3523 618 3572 ‚diceremus
628 3522 680 3570 secl.
693 3520 822 3570 Eberhard
971 3538 1001 3583 ¹9
1017 3524 1127 3572 oratoris
1139 3521 1161 3570 L
1173 3539 1179 3571 ε

179 3588 300 3653 oratoriis
310 3585 454 3635 Lambinus
