2588 4178
131 247 234 307 4211„
450 234 651 292 unvmr
680 233 913 294 crcurrours

184 397 214 457 in
229 396 445 476 cognoscendis
462 396 740 475 componendisque
754 396 858 470 causis,
874 399 991 457 forense
1005 395 1036 455 in
1050 396 1182 473 agendis,
1209 377 1212 384 ’

183 497 330 574 reliquum
346 496 375 555 in
396 516 459 556 sese
479 495 550 573 ipsis
569 495 737 555 reficiendis
752 515 842 556 omne
857 507 1075 567 consumerent,
1092 515 1182 581 quem

184 595 336 654 habebant
350 592 525 654 instituendi
538 604 589 652 aut
604 593 734 654 docendi
748 595 871 653 locum?
905 596 1006 670 Atque
1020 594 1100 652 haud
1120 592 1183 652 scio

183 712 222 751 an
237 691 369 770 plerique
388 703 556 751 nostrorum
576 703 725 751 oratorum
746 687 862 771 [contra
875 702 965 768 atque
979 686 1047 769 nos]
1063 687 1183 765 ingenio

184 791 250 866 plus
265 788 408 848 valuerint
419 808 510 864 quam
522 787 675 860 doctrina3
694 786 794 865 itaque
809 787 850 846 illi
862 788 960 848 dicere
974 785 1080 846 melius
1091 805 1181 862 quam
1197 808 1211 856 5

124 905 172 956 144
183 886 361 964 praecipere,
378 907 433 946 nos
455 897 558 946 contra
578 887 701 945 fortasse
723 905 889 963 possumus.
936 888 988 945 ‘At
1007 883 1182 961 dignitatem

139 1049 141 1053 ,
183 987 292 1045 docere
306 1004 367 1043 non
383 983 491 1043 habet)
519 984 616 1055 Certe,
628 982 652 1042 si
663 982 747 1060 quasi
762 982 792 1042 in
804 985 894 1058 ludo:
912 985 965 1043 sed
980 982 1003 1042 si
1018 983 1183 1051 monend0,

138 1068 140 1070 ’
184 1081 208 1142 si
227 1083 421 1153 cohortando,
444 1080 467 1140 si
489 1083 702 1157 percontando,
724 1080 747 1140 si
769 1079 1030 1153 communicando,
1051 1079 1075 1139 si
1096 1078 1183 1139 inter-

183 1183 256 1240 dum
268 1179 355 1240 etiam
369 1198 428 1238 una
442 1179 580 1255 legendo,
590 1177 751 1251 audiendo,
761 1177 863 1238 nescio
873 1175 950 1259 [cur]
961 1198 1030 1237 cum
1042 1179 1182 1237 docendo

183 1277 272 1338 etiam
287 1276 399 1354 aliquid
410 1276 573 1352 aliquando
585 1273 634 1356 [si]
645 1276 740 1354 possis
752 1276 888 1336 meliores
899 1279 1006 1350 facere,
1017 1296 1069 1335 cur
1083 1275 1183 1336 nolis?
1199 1294 1230 1328 10

180 1377 232 1434 An
247 1374 355 1452 quibus
375 1372 472 1433 verbis
493 1393 642 1432 sacrorum
664 1373 804 1434 alienatio
824 1375 874 1432 fiat
894 1376 1002 1433 docere
1021 1375 1181 1434 honestum

182 1470 248 1553 est[,
265 1484 297 1532 ut
314 1469 389 1552 est]:
412 1471 520 1548 quibus
542 1471 606 1548 ipsa
627 1491 709 1531 sacra
729 1471 847 1531 retineri
866 1472 1049 1548 defendique
1067 1470 1182 1549 possint

124 1587 169 1637 145
184 1590 244 1631 non
264 1572 424 1630 honestum
443 1571 509 1628 est?
540 1568 653 1628 ‘Atius
668 1570 843 1646 profitentur
856 1569 945 1629 etiam
961 1569 1012 1647 qui
1027 1569 1182 1643 nesciunt3

183 1667 385 1746 eloquentiam
403 1679 503 1727 autem
524 1666 564 1726 illi
584 1666 640 1744 ipsi
658 1667 709 1743 qui
729 1667 882 1728 consecuti
902 1681 970 1727 sunt
985 1681 1085 1728 tamen
1100 1689 1135 1728 ea
1150 1688 1181 1728 se

183 1769 279 1826 valere
300 1765 506 1825 dissimulant.’
547 1767 707 1841 Propterea
725 1768 807 1842 quo'd
829 1765 986 1843 prudentia
1007 1765 1227 1838 hominibus15

182 1875 263 1941 grata
277 1875 329 1935 est,
342 1862 442 1940 lingua
456 1874 601 1938 suspecta.
645 1864 726 1921 Num
742 1862 829 1939 igitur
841 1876 893 1922 aut
906 1865 996 1923 latere
1010 1863 1182 1939 eloquentia

182 1973 280 2038 potest
299 1973 350 2020 aut
369 1960 400 2020 id
419 1961 501 2036 quod
521 1959 687 2019 dissimulat
706 1960 808 2037 effugit
825 1973 877 2020 aut
898 1973 942 2020 est
956 1961 1120 2038 periculum
1142 1983 1181 2022 ne

183 2058 248 2136 quis
263 2069 347 2136 putet
361 2057 392 2116 in
412 2077 520 2135 magna
538 2068 599 2117 arte
610 2069 648 2125 ,et
661 2057 789 2134 gloriosa
807 2070 892 2136 turpe
906 2079 970 2119 esse
984 2061 1093 2119 docere
1107 2059 1195 2120 alios

123 2160 170 2223 146
182 2156 213 2216 id
235 2158 317 2234 quod
341 2155 398 2233 ipsi
425 2155 512 2215 fuerit
539 2155 782 2216 honestissimum
807 2147 945 2218 discere'?
986 2161 1033 2218 Ac
1057 2161 1181 2218 fortasse

182 2254 272 2314 ceteri
286 2255 423 2338 tectiores
436 2275 444 2326 ;
464 2273 520 2331 ego
534 2271 651 2331 semper
665 2274 714 2314 me
728 2254 868 2316 didicisse
882 2276 952 2333 prae
967 2277 1015 2316 me
1030 2256 1091 2315 tuli.
1118 2255 1180 2331 Qui
1196 2281 1227 2316 πο

182 2351 262 2412 enim
280 2371 407 2429 possem,
424 2371 493 2410 cum
509 2348 563 2432 [et]
578 2350 717 2411 afuissem
732 2354 826 2413 domo
839 2354 1015 2413 adulescens
1030 2355 1181 2414 ethorum

182 2450 347 2510 studiorum
367 2461 456 2508 causa
475 2449 567 2509 maria
581 2449 750 2510 transissem
766 2463 795 2511 et
809 2451 988 2512 doctissimis
1008 2452 1181 2513 hominibus

182 2550 288 2608 referta
302 2549 410 2607 domus
429 2559 507 2607 esset
521 2559 551 2607 et
564 2547 682 2624 aliquae
701 2551 824 2609 fortasse
843 2549 974 2611 inessent
993 2550 1023 2609 in
1043 2570 1182 2611 sermone

182 2657 284 2706 nostro
312 2643 512 2704 doctrinarum
544 2656 634 2705 notae
665 2666 794 2723 cumque
822 2649 910 2724 vulgo
941 2647 1050 2726 scripta
1080 2662 1182 2709 nostra

182 2747 354 2821 legerentur,
388 2742 573 2804 dissimulare
608 2764 656 2804 me
687 2744 851 2806 didicisse?
893 2745 975 2821 Quid
1011 2743 1085 2826 [erat
1115 2743 1180 2827 cur]
1197 2769 1226 2817 ²5

182 2842 339 2920 probarem
362 2840 417 2900 nisi
440 2844 523 2918 quod
544 2862 648 2923 parurn
670 2844 794 2903 fortasse
814 2844 1019 2920 profeceram?

128 2949 169 3006 43
224 2939 316 3013 Quod
337 2958 406 2996 cum
428 2937 469 2997 ita
490 2938 537 3012 sit,
551 2951 651 2999 tamen
672 2960 708 3000 ea
727 2961 804 3018 quae
825 2939 1013 3017 supradicta
1030 2953 1099 3005 sunt
1113 2944 1181 3018 plus

214 3110 229 3153 4
247 3100 336 3142 contra
349 3102 425 3154 atque
437 3109 485 3141 nos
497 3109 546 3142 om.
560 3091 583 3139 L
693 3109 709 3156 5
727 3095 817 3143 mellus
828 3096 922 3144 docere
934 3094 964 3142 L¹
1077 3098 1093 3145 8
1112 3113 1181 3146 com·

181 3159 334 3208 municando
345 3159 370 3205 A
383 3177 389 3207 :
407 3160 632 3208 commemorando
643 3159 665 3207 L
732 3169 737 3186 ⁹
748 3176 764 3221 9
781 3176 892 3209 curcum
904 3161 971 3224 vulg.
983 3178 990 3210 z
1008 3177 1053 3210 cur
1065 3179 1116 3210 non
1129 3162 1180 3211 'AL

180 3225 244 3274 eiecit
254 3223 412 3273 Lambinus:
435 3240 481 3272 cur
497 3225 548 3272 secl.
563 3223 648 3273 Bake:
666 3226 754 3274 nescio
771 3241 839 3275 cur.
859 3262 865 3276 .
886 3264 892 3276 .
909 3227 987 3276 etiarn
1004 3227 1056 3276 secl.
1076 3227 1184 3292 Madvig

184 3307 214 3340 ro
231 3290 513 3352 possisAzpossesL:
529 3291 549 3338 si
560 3291 644 3352 possis
656 3291 723 3354 υκὶς.
775 3291 896 3340 meliusL
965 3307 994 3340 12
1011 3297 1179 3344 utestom.A

184 3372 213 3417 14
231 3355 401 3416 eloquentiam
414 3356 439 3401 A
451 3372 458 3404 t
475 3355 621 3417 eloquentia
632 3355 655 3402 L
741 3372 772 3404 ea
788 3374 839 3407 om.
854 3357 894 3407 L:
911 3373 976 3422 eam,
989 3368 1076 3407 tamen
1089 3359 1184 3425 Stangl

184 3436 213 3483 15
231 3420 373 3469 dissimulat
383 3419 454 3469 AL:
471 3419 644 3470 dissimulatur
654 3421 753 3470 Ernesti
848 3437 880 3472 ao
896 3426 939 3486 qui
951 3425 1019 3488 vulg.
1034 3442 1040 3474 t
1057 3425 1117 3487 quid
1129 3425 1181 3474 AL

181 3502 211 3535 21
230 3487 350 3535 etam.A
418 3488 494 3535 domo
506 3488 587 3535 om.L
654 3503 685 3535 22
703 3485 835 3537 mariaA:
852 3490 951 3538 mareL
1016 3505 1048 3552 25
1066 3490 1181 3540 dissimu-

179 3553 260 3602 larem
273 3552 311 3600 L:
324 3552 505 3604 dissimularet
524 3569 574 3601 uon
592 3567 633 3599 me
650 3553 744 3616 Stangl
823 3556 885 3616 quid
897 3553 966 3605 AL:
983 3558 1026 3618 qui
1044 3557 1110 3605 codd.
1125 3557 1179 3606 dett.

181 3628 236 3668 erat
248 3633 293 3667 cur
304 3633 354 3668 om.
367 3618 392 3664 Α
509 3620 542 3666 26
559 3619 729 3680 improbarem
739 3619 811 3678 Jalm
