2588 4178
363 198 649 259 mammonas
676 194 929 261 oanroamu
1110 215 1149 278 ιη
1163 210 1196 278 9⁶

93 422 95 425 ,
146 363 280 442 periculo
293 363 517 425 commonendi.
553 367 655 443 Atque
673 363 704 424 hi
723 364 845 443 quidem
864 366 1058 445 perorationis
1077 378 1146 429 sunt

146 461 213 522 loci.
258 459 407 540 Principia
428 474 529 524 autem
557 463 588 523 in
607 463 766 525 'sententiis
790 464 926 526 dicendis
954 466 1054 527 brevia
1081 487 1146 528 esse
1158 477 1190 536 97

145 561 310 622 debebunt.
354 563 426 623 Non
440 561 521 623 enim
542 563 666 639 supplex
685 574 718 623 ut
735 563 775 622 ad
795 561 927 634 iudicem
944 563 1024 624 venit
1038 575 1143 638 orator,

145 660 199 719 sed
222 661 354 720 hortator
376 672 466 737 atque
493 671 583 721 actor.
627 660 697 735 Qua
716 679 747 720 re
771 679 937 737 proponere
961 681 1021 739 qua
1044 674 1145 724 mente

115 756 236 832 sdicat,
249 756 323 834 quid
337 757 416 830 velit,
432 757 541 836 quibus
561 759 600 818 de
620 758 709 818 rebus
729 757 861 818 dicturus
882 757 919 818 sit
939 759 1031 820 debet
1049 761 1145 821 horta-

142 854 228 932 rique
252 857 291 916 ad
319 875 352 916 se
376 855 503 916 breviter
529 853 678 915 dicentem
706 854 899 916 audiendum.
942 857 1020 918 Tota
1043 869 1142 920 autem

142 952 238 1014 oratio
260 952 386 1031 simplex
407 965 437 1014 et
458 952 554 1031 gravis
575 963 606 1015 et
627 952 781 1014 sententiis
807 954 899 1015 debet
922 954 1052 1016 ornatior
1078 976 1144 1019 esse

140 1070 233 1128 quam
254 1050 360 1112 verbis.

184 1151 218 1212 C.
246 1149 383 1228 Cognovi
406 1149 466 1210 iam
490 1149 670 1211 laudationis
694 1161 724 1210 et
747 1149 893 1211 suasionis
917 1152 1008 1212 locos.
1051 1154 1189 1250 Nunc9g

96 1264 127 1301 ιο
141 1268 221 1326 quae
231 1247 348 1310 iudiciis
362 1250 591 1309 accommodata
604 1247 663 1307 sint
673 1259 831 1324 exspecto;
849 1247 940 1327 idque
950 1248 1038 1309 nobis
1048 1269 1142 1328 genus

141 1357 252 1407 restare
271 1366 366 1405 unum
387 1356 469 1424 puto.
513 1347 545 1405 P.
562 1347 658 1406 Recte
679 1343 832 1422 intellegis.
876 1349 976 1423 Atque
997 1346 1060 1408 eius
1079 1347 1143 1425 qui·

140 1445 212 1504 dem
233 1445 348 1522 generis
370 1442 437 1503 linis
458 1454 503 1504 est
523 1443 678 1520 aequitas3
705 1463 782 1521 quae
802 1464 864 1505 non
886 1443 1058 1522 simpliciter
1077 1464 1142 1523 spe

140 1552 238 1601 ctatur
265 1542 319 1602 sed
346 1561 383 1602 ex
406 1540 630 1619 comparatione
654 1561 717 1602 non
744 1561 917 1619 numquam,
944 1552 977 1601 ut
1004 1562 1074 1603 cum
1101 1544 1141 1603 de

89 1675 91 1678 -
140 1637 296 1700 verissimo
315 1650 488 1700 accusatore
512 1639 694 1716 disceptatur
716 1650 769 1699 aut
790 1659 860 1700 cum
883 1639 1053 1701 hereditatis
1076 1639 1141 1701 sine

94 1754 125 1804 15
140 1739 206 1814 lege
220 1748 271 1798 aut
285 1737 349 1799 sine
363 1748 542 1798 testamento
555 1737 664 1815 petitur
677 1738 826 1815 possessio
838 1760 847 1814 ς
874 1738 904 1798 in
921 1738 1030 1816 quibus
1043 1739 1140 1801 causis

140 1834 214 1912 quid
238 1834 362 1913 aequius
389 1847 480 1913 atque
507 1834 720 1913 aequissimum
748 1836 786 1897 sit
814 1835 971 1914 quaeritur,
999 1855 1073 1914 quas
1100 1840 1140 1898 ad

138 1952 244 1993 causas
265 1935 390 1994 facultas
410 1931 520 2010 petitur
539 1932 829 2011 argumentationum
850 1954 887 1995 ex
907 1932 949 1995 eis
970 1935 1009 1994 de
1030 1933 1140 2011 quibus

139 2050 210 2090 mox
231 2030 347 2091 dicetur
367 2031 525 2109 aequitatis
547 2029 628 2092 locis.
671 2034 773 2109 Atque
794 2031 883 2092 etiam
904 2041 974 2092 ante
994 2030 1138 2093 iudicium
1151 2054 1184 2107 9⁹

138 2130 179 2189 de
197 2127 408 2190 constituendo
427 2128 494 2206 ipso
514 2127 626 2189 iudicio
645 2131 721 2189 solet
739 2149 805 2190 esse
823 2128 984 2203 contentio,
1001 2150 1070 2190 cum
1087 2143 1139 2192 aut

92 2251 125 2286 ιο
138 2226 216 2286 sitne
243 2226 322 2287 actio
346 2226 388 2286 illi
409 2224 461 2304 qui
481 2225 541 2304 agit
561 2237 613 2286 aut
637 2226 737 2287 iamne
764 2227 802 2288 sit
821 2237 873 2288 aut
893 2248 966 2287 num
988 2226 1047 2287 iam
1073 2247 1139 2289 esse

138 2324 259 2385 desierit
285 2334 337 2384 aut
364 2323 453 2385 illane
481 2326 553 2402 lege,
579 2323 666 2385 hisne
689 2324 785 2384 verbis
813 2325 851 2385 sit
877 2323 956 2386 actio
978 2325 1135 2403 quaeritur.

137 2424 226 2498 Quae
239 2421 328 2482 etiam
344 2421 369 2481 si
387 2434 457 2483 ante
474 2441 564 2498 quam
584 2441 631 2482 res
650 2421 682 2480 in
701 2421 845 2482 iudicium
859 2421 940 2483 venit
953 2434 1005 2483 aut
1018 2443 1138 2484 concer-·

137 2531 199 2580 tata
218 2532 270 2580 aut
290 2519 453 2581 diiudicata
472 2532 524 2580 aut
544 2521 682 2580 confecta
702 2540 764 2590 non
785 2532 863 2594 sunt,
885 2532 985 2582 tamen
1010 2520 1041 2581 in
1065 2521 1136 2600 ipsis

137 2616 255 2678 iudiciis
268 2636 464 2696 permagnum
483 2636 572 2694 saepe
593 2617 706 2678 habent
726 2619 853 2694 pondus,
869 2638 939 2678 cum
956 2617 997 2679 ita
1011 2618 1136 2682 dicitur:

91 2740 123 2792 ²5
138 2717 209 2775 Plus
228 2714 347 2793 petisti;
368 2734 435 2775 sero
453 2713 572 2792 petisti;
592 2714 727 2775 nonfuit
746 2726 797 2776 tua
814 2715 919 2793 petitio
929 2737 937 2789 ;
957 2736 1020 2777 non
1040 2737 1059 2776 a
1077 2737 1133 2792 me,

136 2833 199 2874 non
224 2813 281 2873 hac
301 2815 373 2890 lege,
396 2832 458 2873 non
479 2811 525 2872 his
546 2812 651 2886 verbis,
674 2833 736 2874 non
757 2815 815 2873 hoc
836 2812 956 2874 iudicio.
1000 2815 1135 2890 Quarum
1150 2837 1198 2876 rso

134 2930 291 2972 causarum
315 2929 409 2987 genus
437 2919 482 2970 est
509 2909 640 2988 positum
668 2909 700 2970 in
727 2909 790 2970 iure
816 2909 903 2983 civili,
929 2913 1012 2988 quod
1034 2923 1079 2972 est
1103 2912 1135 2973 in

134 3007 313 3087 privatarum
335 3019 366 3068 et
390 3007 576 3085 publicarum
599 3028 696 3069 rerum
719 3010 782 3086 lege
805 3020 858 3069 aut
881 3028 965 3069 more
985 3008 1116 3087 positum
1127 3032 1135 3086 ;

134 3105 219 3187 cuius
247 3105 372 3166 scientia
395 3106 530 3182 neglecta
553 3107 592 3167 ab
617 3105 782 3167 oratoribus
806 3105 955 3184 plerisque
982 3106 1070 3168 nobis
1094 3110 1134 3169 ad

89 3223 122 3272 30
135 3204 298 3264 dicendum
330 3202 496 3263 necessaria
520 3203 644 3264 videtur.
695 3205 765 3278 Qua
792 3223 823 3263 re
850 3204 889 3264 de
916 3204 1133 3266 constituendis

133 3301 310 3373 actionibus
326 3303 366 3362 de
379 3299 533 3377 capiendis
546 3300 747 3361 subeundisve
761 3299 887 3374 iudiciis,
902 3303 942 3362 de
959 3302 1134 3381 excipienda

141 3464 323 3526 ‚4actorP2
340 3471 429 3513 auctor
439 3462 507 3513 codd
608 3476 637 3524 15
655 3471 699 3512 aut
713 3462 771 3512 sine
782 3453 868 3528 vulg:
885 3481 914 3514 ac
926 3466 1020 3514 sineP
1094 3473 1132 3516 te·

133 3531 257 3580 stimonio
278 3529 305 3578 P
390 3545 422 3590 24
441 3530 532 3578 dicitur
541 3527 689 3576 Manutius:
713 3529 831 3578 dicuntur
852 3530 921 3580 codd,
1011 3547 1042 3594 25
1061 3533 1133 3594 prius

133 3595 243 3646 Stroebel
315 3593 507 3656 31actioneP
570 3594 602 3642 de
613 3593 745 3656 capiendis
754 3594 870 3659 Sauppe:
888 3594 1045 3658 accipiendis
1056 3596 1138 3647 codd(
1193 3627 1195 3632 π

1020 3679 1065 3726 15·
