2588 4178
150 209 253 270 33126
479 201 522 260 M.
545 200 672 259 TVLLI
696 197 928 260 CICERONIS

200 389 262 429 non
274 368 398 428 accessit
409 368 549 446 operibus
560 367 623 428 eius
629 391 637 441 ;
651 358 799 444 praeclare
810 365 951 426 incohata
962 365 1064 436 multa,
1073 364 1205 440 perfecta

200 486 261 525 non
287 468 382 543 plane.
427 467 595 543 Legendus,
621 465 752 542 inquam,
777 475 822 524 est
846 463 895 523 hic
920 474 1026 534 orator,
1053 464 1152 531 Brute,
1179 459 1203 518 si

199 563 358 640 quisquam
385 562 471 636 alius,
495 562 661 636 iuventuti3
692 582 754 621 non
781 560 866 621 enim
891 562 988 620 solum
1016 578 1122 618 acuere
1150 557 1204 616 sed

200 660 289 720 etiam
306 662 384 720 alere
401 659 552 737 ingenium
569 670 676 737 potest.

141 773 186 827 ¹27
242 757 324 817 Huic
341 757 484 816 successit
498 757 587 817 aetati
601 759 636 818 C.
653 756 759 828 Galba,
775 755 857 816 Servi
874 754 952 814 illius
969 741 1233 830 eloquentissimis

200 855 253 914 viri
288 854 373 926 filius,
411 858 442 913 P.
481 853 579 915 Crassi
614 852 782 930 eloquentis
817 863 846 912 et
881 851 951 911 iuris
986 849 1071 927 periti
1105 868 1204 927 gener.

138 977 140 980 ·
201 952 379 1012 Laudabant
393 954 474 1011 hunc
491 962 588 1028 patres
604 951 704 1024 nostri,
721 951 861 1010 favebant
875 949 964 1008 etiam
982 960 1102 1025 propter
1115 946 1206 1024 patris

202 1049 383 1122 memoriam,
404 1051 461 1109 sed·
475 1048 583 1108 cecidit
602 1047 747 1108 incursu.
792 1050 872 1107 Nam
889 1045 1042 1123 rogatione
1060 1043 1206 1117 Mamilia,

202 1147 395 1224 Iugurthinae
409 1145 621 1206 coniurationis
636 1145 757 1219 invidia,
767 1165 837 1205 curn
851 1165 906 1221 pro
921 1164 985 1204 sese
999 1143 1062 1220 ipse
1073 1142 1207 1214 dixisset,

201 1250 360 1321 oppressus
381 1255 433 1303 est.
478 1246 582 1303 Exstat
601 1243 663 1303 eius
683 1242 837 1321 perorati0,
854 1241 906 1317 qui
927 1240 1061 1319 epilogus
1082 1239 1191 1300 dicitur
1200 1263 1209 1314 3
1224 1259 1254 1294 ro

202 1341 254 1418 qui
285 1352 369 1400 tanto
401 1339 432 1399 in
463 1343 578 1400 honore
608 1340 708 1417 pueris
741 1340 829 1400 nobis
857 1351 919 1399 erat
949 1350 982 1399 ut
1017 1358 1086 1398 eum
1117 1337 1206 1397 etiam

203 1438 410 1498 edisseremus.
449 1437 519 1510 Hic,
531 1437 582 1514 qui
596 1437 626 1496 in
642 1437 778 1514 conlegio
793 1439 982 1497 sacerdotum
996 1446 1084 1509 esset,
1095 1434 1208 1512 primus

204 1547 271 1612 post
296 1538 426 1594 Romam
451 1534 604 1594 conditam
629 1534 741 1595 iudicio
763 1534 885 1613 publico
910 1545 955 1594 est
978 1536 1206 1594 condemnatus.

144 1669 190 1718 123
206 1634 236 1690 P.
260 1630 368 1707 Scipio,
391 1629 443 1707 qui
464 1642 508 1690 est
529 1629 560 1688 in
582 1633 739 1690 consulatu
761 1642 903 1703 mortuus
926 1650 987 1690 non
1010 1632 1137 1689 multum
1158 1629 1208 1688 ille

204 1728 326 1805 quidem
349 1748 405 1787 nec
426 1747 515 1803 saepe
536 1727 664 1801 dicebat,
687 1728 741 1788 sed
762 1738 792 1788 et
813 1727 919 1787 Latine
940 1727 1094 1804 loquendo
1114 1725 1209 1787 cuivis
1223 1744 1252 1794 15

204 1838 265 1886 erat
285 1845 337 1901 par
351 1837 380 1884 et
395 1823 493 1884 omnis
512 1827 573 1884 sale
587 1824 760 1903 facetiisque
782 1826 947 1902 superabat.
992 1824 1065 1884 Eius
1085 1826 1210 1900 conlega

205 1925 237 1982 L.
256 1922 355 1982 Bestia
369 1943 388 1980 a
404 1921 492 1982 bonis
508 1921 598 1980 initiis
618 1942 702 1981 orsus
717 1920 995 1982 tribunatus-nam
1010 1925 1042 1981 Ρ.
1059 1920 1209 1998 Popilium

205 2019 233 2078 vi
248 2021 282 2080 C.
300 2019 427 2079 Gracchi
442 2021 596 2094 expulsum
612 2039 665 2078 sua
683 2019 835 2096 rogatione
850 2016 1024 2092 restituit-2,
1041 2018 1128 2078 viret
1142 2039 1210 2078 acer

205 2128 235 2176 et
259 2136 321 2175 non
349 2115 515 2188 indisertus,
542 2115 631 2174 tristis
657 2116 750 2176 exitus
775 2117 880 2177 habuit
904 2119 1084 2177 consulatus.
1128 2117 1208 2175 Nam

205 2213 352 2274 invidiosa
367 2217 432 2291 lege
447 2211 596 2293 [Mamilia
613 2211 760 2295 quaestio]
779 2216 812 2277 C.
831 2216 960 2275 Galbam
976 2216 1162 2275 sacerdotem
1180 2225 1209 2274 et
1223 2232 1255 2267 πο

207 2323 347 2387 quattuor
371 2309 533 2370 consularis
555 2313 588 2370 L.
611 2311 742 2370 Bestiam
764 2313 800 2372 C.
823 2313 971 2374 Catonem
993 2313 1042 2389 Sp.
1063 2311 1209 2371 Albinum

206 2408 362 2485 civemque
393 2406 679 2486 praestantissimum
710 2411 743 2467 L.
775 2409 939 2485 Opimium,
969 2408 1098 2470 Gracchi
1125 2409 1212 2469 inter·

206 2507 356 2578 sectorem,
369 2525 387 2564 a
400 2506 513 2581 populo
526 2506 706 2577 absolutum,
720 2526 789 2566 cum
804 2506 829 2566 is
843 2518 947 2567 contra
960 2507 1064 2585 populi
1078 2506 1212 2567 studium

146 2619 194 2672 1²9
207 2602 342 2674 stetisset,
360 2601 527 2662 Gracchani
542 2601 654 2662 iudices
670 2606 859 2664 sustulerunt.
900 2604 1001 2664 Huius
1015 2589 1167 2664 dissimilis
1181 2603 1213 2662 in

208 2700 359 2760 tribunatu
380 2699 553 2776 reliquaque
574 2698 657 2759 omni
677 2700 738 2759 vita
759 2700 830 2761 civis
851 2700 1005 2778 improbus
1025 2703 1059 2762 Ca
1079 2699 1213 2761 Licinius
1227 2719 1258 2769 ²⁵

208 2800 308 2858 Nerva
331 2817 393 2856 non
418 2796 576 2856 indisertus
601 2797 663 2856 fuit.
688 2799 723 2858 C.
751 2797 881 2859 Fimbria
906 2798 1091 2876 temporibus
1115 2798 1213 2858 isdem

208 2897 277 2967 fere,
293 2897 346 2954 sed
360 2893 477 2971 longius
490 2905 587 2953 aetate
602 2905 767 2970 provectus,
784 2895 903 2955 habitus
918 2907 963 2955 est
977 2915 1059 2969 sane,
1070 2906 1103 2955 ut
1117 2895 1158 2955 ita
1171 2894 1214 2956 di-

209 3012 283 3064 cam,
291 2994 453 3051 lutulentus
464 2988 631 3071 [patronus]
644 3011 729 3069 asper
741 2993 903 3054 maledicus
909 3015 918 3067 ;
931 3012 1039 3070 genere
1048 3004 1113 3053 toto
1123 2996 1215 3071 paulo

209 3088 348 3149 fervidior
361 3100 452 3165 atque
469 3087 655 3162 commotior,
671 3089 825 3166 diligentia
839 3102 940 3150 tamen
954 3101 984 3150 et
998 3089 1104 3150 virtute
1121 3090 1215 3150 animi

209 3198 298 3263 atque
312 3185 373 3245 vita
387 3185 484 3245 bonus
498 3196 601 3246 auctor
616 3184 646 3244 in
662 3197 785 3260 senatu,
801 3186 882 3247 idem
896 3173 1058 3248 tolerabilis
1071 3198 1215 3265 patronus
1229 3212 1260 3262 30

242 3353 258 3398 5
275 3338 305 3386 C.
320 3338 401 3386 Galba
418 3340 503 3401 vulg.:
525 3355 549 3401 p.
565 3340 647 3389 Galba
663 3341 686 3388 L
770 3343 897 3390 Seruilius
916 3342 1040 3390 OBHM:
1060 3342 1178 3390 Serulius
1197 3343 1220 3392 C

210 3406 227 3452 8
245 3403 358 3451 Mamilia
369 3404 405 3453 F:
425 3404 533 3452 Manilio
548 3408 569 3455 C
691 3421 719 3466 17
738 3406 826 3455 aadd.
839 3408 933 3455 Mulier
1052 3422 1084 3454 20
1103 3408 1217 3457 Mamilia

210 3469 326 3529 quaestio
336 3469 390 3516 sact.
402 3469 474 3517 Peter
591 3485 623 3518 aa
640 3471 669 3519 C.
683 3472 794 3520 Gracchi
805 3471 901 3534 Stangl
1019 3487 1049 3530 24
1069 3472 1216 3522 Gracchum

211 3534 309 3581 iudices
320 3532 407 3580 BHM
503 3550 535 3595 25
553 3536 581 3584 P.
596 3537 708 3584 Licinius
720 3537 826 3585 Martha
924 3539 958 3585 aa
974 3538 1115 3586 lutulentus
1124 3539 1217 3598 Jahn:

210 3600 356 3647 luculentus
367 3599 406 3651 L:
424 3602 585 3648 truculentus
597 3600 696 3650 Ernesti
707 3601 709 3605 '
776 3609 901 3663 patronus
913 3604 966 3650 sict.
978 3603 1051 3662 Jahn
