2588 4178
563 212 728 273 axvrvs
1109 227 1207 288 4115!

142 393 244 443 autem
262 394 292 443 et
312 394 346 442 tu
366 382 461 460 probe
482 381 557 443 dicis
577 393 608 443 et
628 402 685 459 ego
705 381 805 442 dicam
826 381 910 459 quod
924 380 1029 442 sentio.
1073 383 1145 443 Non

143 480 225 540 enim
252 480 338 542 facile
361 501 451 559 quem
479 479 604 542 dixerim
632 482 700 558 plus
728 479 809 540 studi
832 499 923 558 quam
946 479 1031 540 illum
1054 491 1084 540 et
1105 482 1145 542 ad

142 579 307 641 dicendum
329 593 360 642 et
381 582 420 642 ad
443 581 542 642 omnis
569 581 716 641 bonarum
745 599 842 640 rerum
870 578 1042 658 disciplinas
1063 579 1146 640 adhi-

142 677 252 744 buisse.
296 681 376 739 Nam
397 691 427 739 et
450 678 481 738 in
503 678 600 740 isdem
622 676 884 738 exercitationibus
904 676 1027 738 ineunte
1047 688 1145 738 aetate

113 793 128 841 5
143 775 254 837 fuimus
268 788 298 838 et
311 789 417 855 postea
431 797 492 837 una
506 776 652 837 Rhodum
671 775 721 836 ille
741 775 831 837 etiam
849 777 1000 853 profectus
1013 787 1066 850 est,
1082 796 1145 854 quo

142 873 249 935 melior
266 885 344 935 esset
365 885 396 935 et
417 873 551 949 doctior3
572 885 602 934 et
623 872 695 934 inde
716 884 749 933 ut
770 872 866 947 rediit,
880 873 999 934 videtur
1019 872 1092 933 mihi
1113 873 1144 934 in

142 973 277 1032 secunda
289 982 352 1032 arte
366 971 479 1050 primus
493 991 559 1032 esse
574 970 713 1032 maluisse
723 990 815 1048 quam
829 970 861 1030 in
875 970 971 1049 prima
984 973 1143 1032 secundus.

141 1072 245 1147 Atque
269 1070 351 1129 haud
378 1069 441 1130 scio
463 1089 501 1129 an
529 1088 583 1146 par
609 1066 794 1146 principibus
817 1087 883 1130 esse
906 1067 1070 1146 potuisset;
1090 1071 1145 1130 sed

140 1169 266 1228 fortasse
288 1167 400 1239 maluit,
426 1167 458 1228 id
480 1168 563 1245 quod
586 1177 631 1227 est
654 1166 791 1242 adeptus,
814 1167 903 1244 longe
925 1165 1145 1227 omniumnon

98 1291 129 1326 ιο
142 1264 278 1326 eiusdem
298 1267 392 1326 modo
405 1265 510 1326 aetatis
528 1265 581 1325 sed
596 1283 699 1324 eorum
714 1262 804 1324 etiam
825 1262 878 1341 qui
897 1262 1068 1324 fuissentin
1082 1263 1145 1324 iure

142 1361 221 1422 civili
256 1383 322 1425 esse
356 1362 504 1441 princeps.
577 1362 639 1422 Hie
677 1364 804 1422 Brutus:
846 1360 907 1422 Ain
941 1365 997 1421 tu?
1037 1360 1142 1439 inquit
1160 1380 1206 1432 15²

144 1458 284 1522 Etiamne
309 1463 346 1536 Q.
370 1462 532 1521 Scaevolae
553 1458 688 1521 Servium
709 1471 845 1520 nostrum
866 1458 1046 1538 anteponis?
1096 1459 1145 1521 Sic

142 1557 232 1630 enim,
248 1557 381 1635 inquam,
402 1560 502 1633 Brute,
523 1557 668 1630 existimo,
689 1556 759 1617 iuris
780 1556 873 1617 civilis
894 1577 1036 1635 magnum
1056 1576 1145 1617 usum

142 1666 173 1716 et
194 1658 276 1732 apud
298 1658 473 1717 Scaevolam
495 1667 526 1716 et
548 1656 763 1733 apud‘multos
788 1654 886 1727 fuisse,
911 1667 1005 1715 artem
1029 1653 1061 1714 in
1086 1656 1145 1716 hoc

99 1780 128 1831 15
142 1772 223 1827 uno;
244 1754 328 1831 quod
350 1773 516 1831 numquam
541 1752 688 1813 effecisset
712 1751 805 1830 ipsius
832 1751 903 1812 iuris
931 1752 1064 1826 scientia,
1088 1752 1145 1812 nisi

142 1871 209 1912 eam
225 1862 377 1929 praeterea
391 1850 545 1912 didicisset
561 1862 654 1912 artem
670 1870 747 1927 quae
764 1851 885 1910 doceret
899 1870 963 1911 rem
977 1849 1145 1910 universam

142 1947 272 2011 tribuere
290 1949 322 2009 in
340 1948 440 2026 partis,
456 1952 598 2010 latentem
620 1948 767 2026 explicare
787 1948 970 2023 definiendo,
986 1950 1144 2009 obscuram

143 2049 301 2124 explanare
324 2046 558 2125 interpretando,
581 2045 721 2123 ambigua
745 2045 875 2123 primum
899 2045 1007 2119 videre,
1034 2045 1145 2107 deinde

143 2144 333 2222 distinguere,
362 2156 515 2223 postremo
542 2145 653 2205 habere
680 2145 811 2221 regulam
840 2163 900 2221 qua
923 2164 992 2205 vera
1019 2155 1049 2204 et
1073 2145 1147 2204 falsa

97 2267 132 2304 πο
144 2242 345 2304 iudicarentur
364 2255 394 2304 et
408 2263 486 2320 quae
500 2243 609 2321 quibus
629 2240 788 2320 propositis
809 2253 909 2302 essent
925 2262 1062 2320 quaeque
1083 2264 1145 2305 non

144 2352 245 2402 essent
258 2341 487 2419 consequentia·
526 2341 588 2401 Hie
597 2341 676 2401 enim
688 2339 795 2400 adtulit
809 2343 887 2400 hanc
901 2352 995 2401 artem
1009 2341 1145 2402 omnium
1162 2371 1208 2421 153

144 2438 252 2500 artium
268 2438 428 2499 maximam
448 2438 534 2516 quasi
552 2441 650 2498 lucem
669 2439 709 2499 ad
730 2457 766 2499 ea
785 2458 862 2515 quae
883 2440 1007 2504 confuse
1026 2440 1065 2499 ab
1081 2438 1145 2499 aliis

144 2547 196 2597 aut
229 2537 489 2615 respondebantur
522 2548 574 2597 aut
605 2536 776 2614 agebantur.
842 2535 1037 2597 Dialecticam
1072 2535 1145 2596 mihi
1158 2552 1199 2612 42

145 2633 254 2695 videris
286 2633 394 2707 dicere,
427 2634 538 2712 inquit·
598 2636 701 2706 Recte,
731 2633 862 2711 inquam,
892 2633 1057 2711 intellegis;
1092 2635 1146 2695 sed

99 2758 132 2808 ²5
145 2731 280 2793 adiunxit
294 2732 384 2793 etiam
406 2744 436 2793 et
456 2733 618 2793 litterarum
640 2730 794 2792 scientiam
814 2742 845 2792 et
866 2732 1011 2808 loquendi
1031 2735 1147 2810 elegan-

145 2828 226 2903 tiam,
256 2850 333 2907 quae
361 2850 397 2890 ex
425 2828 541 2907 scriptis
568 2829 640 2902 eiuS,
667 2848 794 2906 quorum
823 2828 930 2888 similia
957 2831 1040 2889 nulla
1053 2828 1144 2903 sunt,

144 2927 284 2988 facillime
311 2927 438 3006 perspici
466 2939 573 3006 potest.
624 2929 765 3003 Cumque
790 2925 929 2987 discendi
957 2947 1047 2987 causa
1073 2928 1146 2988 duo
1161 2951 1207 3003 ¹54

145 3026 202 3086 bus
229 3025 414 3102 peritissimis
450 3030 572 3103 operam
604 3023 745 3098 dedisset,
775 3026 808 3084 L.
840 3023 956 3085 Lucilio
984 3025 1081 3085 Balbo
1109 3026 1144 3086 C.

145 3122 268 3201 Aquilio
291 3125 387 3195 Gallo,
411 3123 490 3183 Galli
511 3122 641 3183 hominis
660 3121 740 3182 acuti
757 3132 787 3182 et
807 3121 958 3182 exercitati
976 3134 1146 3199 promptam

99 3251 131 3300 30
145 3232 176 3282 et
189 3232 322 3299 paratam
336 3220 368 3280 in
382 3223 501 3298 agendo
515 3231 544 3280 et
564 3219 594 3279 in
609 3214 822 3297 respondendo
839 3218 1020 3280 celeritatem
1035 3219 1148 3280 subtili·

145 3330 206 3380 tate
219 3318 433 3396 diligentiaque
447 3317 596 3396 superavit
605 3340 614 3392 ;
636 3316 722 3378 Balbi
737 3317 819 3378 docti
840 3328 870 3378 et
889 3316 997 3378 eruditi
1016 3317 1146 3390 hominis

179 3491 194 3522 a
211 3491 365 3537 quemquam
377 3473 518 3523 Lambr'ams
601 3474 748 3536 5unasecl.
760 3473 833 3534 Jahr'r
916 3473 1049 3521 6doctior
1060 3480 1147 3522 orator

146 3540 241 3604 Campe
288 3549 315 3590 at
326 3542 386 3590 inde
399 3541 520 3589 Martha:
537 3548 563 3589 et
574 3540 626 3588 secl.
642 3539 736 3601 Campe
804 3541 833 3587 18
850 3539 969 3600 ambigua
986 3537 1148 3587 Lambinus:

144 3603 321 3669 ambiguamL
415 3622 447 3668 24
465 3607 551 3654 dicere
560 3603 697 3668 inquitL:
714 3605 797 3666 inquit
808 3605 895 3659 dicere
905 3603 956 3654 cod.
971 3603 1015 3654 det.
1113 3606 1147 3654 26

122 3687 253 3736 quorum
264 3672 394 3722 volumina
406 3674 485 3722 multa
495 3672 565 3720 Koch
674 3685 705 3733 aq
724 3671 826 3719 dicendi
837 3668 912 3720 ῙῸἨ
1171 3689 1173 3693 ·
