2588 4178
156 173 258 248 48161
479 177 523 238 M.
552 178 680 238 TVLLI
710 177 943 241 CICERONIS

210 362 271 402 non
294 340 409 420 dignus.
453 343 546 419 Quod
567 341 592 404 si
612 341 735 404 indocta
755 345 952 405 consuetudo
965 354 1026 404 tam
1045 353 1091 403 est
1110 340 1218 403 artifex

209 438 369 513 suavitatis,
392 438 466 518 quid
486 440 526 501 ab
539 439 612 519 ipsa
632 442 755 502 tandem
779 452 842 502 arte
864 452 894 502 et
914 440 1051 502 doctrina
1072 440 1216 519 postulari

145 541 193 594 ιω
208 540 372 616 putamus?
416 540 504 599 Haec
535 536 596 599 dixi
627 538 746 600 brevius
773 559 863 617 quam
891 538 915 600 si
943 540 1000 600 hac
1028 541 1067 600 de
1094 559 1126 600 re
1155 557 1218 598 una

208 635 495 713 disputarem—est
522 635 603 696 enim
624 638 716 698 'locus
744 636 793 697 hic
822 639 880 697 late
908 648 1013 716 patens
1042 639 1081 698 de
1108 646 1218 696 natura

208 752 325 810 usuque
352 730 680 811 verboruma-longius
714 743 815 794 autem
847 752 937 811 quam
970 732 1104 793 instituta
1138 732 1246 804 ratios

209 830 388 909 postulabat.

149 932 195 992 49
250 929 310 989 Sed
329 927 400 1005 quia
419 947 517 988 rerum
531 927 750 1006 verborumque
770 926 915 988 iudicium
936 926 967 987 in
986 927 1146 1006 prudentia
1159 938 1217 1001 est,

207 1045 315 1086 vocum
337 1037 438 1086 autem
463 1037 494 1087 et
517 1045 709 1087 numerorum
734 1045 820 1087 aures
839 1036 911 1087 ‘sunt
931 1025 1055 1100 iudices,
1078 1037 1108 1087 et
1129 1027 1215 1103 quod

207 1122 257 1184 illa
280 1125 320 1184 ad
342 1122 575 1201 intellegentiam
599 1125 772 1198 referuntur,
798 1124 873 1184 haec
897 1125 937 1183 ad
961 1126 1156 1202 voluptatem,
1184 1122 1214 1183 in

207 1220 264 1281 illis
289 1220 363 1282 ratio
387 1220 510 1294 invenit,
532 1220 564 1280 in
586 1220 633 1281 his
657 1241 762 1282 sensus
783 1232 885 1282 artem.
930 1223 993 1282 Aut
1013 1221 1093 1282 enim
1115 1225 1216 1299 negle-
1232 1247 1262 1284 ιο

206 1321 305 1397 genda
318 1319 374 1379 fuit
387 1318 475 1379 nobis
486 1321 623 1380 voluntas
637 1319 762 1393 aurium,
775 1318 884 1397 quibus
898 1319 1018 1398 probari
1032 1318 1212 1394 nitebamur,

145 1414 318 1481 1⁶3autars
337 1416 400 1477 eius
420 1415 625 1477 conciliandae
646 1416 827 1495 reperienda
873 1419 959 1476 Duae
976 1428 1046 1476 sunt
1064 1414 1151 1494 igitur
1167 1436 1214 1478 res

206 1533 283 1590 quae
307 1515 512 1591 permulceant
535 1513 621 1588 auris,
647 1534 739 1574 sonus
763 1525 793 1575 et
815 1534 965 1580 numerus.
1011 1517 1058 1574 De
1083 1533 1211 1575 numero

205 1631 284 1683 mox,
300 1632 381 1672 nunc
401 1613 440 1672 de
461 1631 537 1673 sono
558 1611 736 1690 quaerimus.
779 1612 887 1686 Verba,
906 1623 939 1672 ut
960 1631 1049 1691 supra
1069 1611 1210 1686 diximus,

205 1710 332 1786 legenda
359 1721 428 1770 sunt
455 1709 644 1788 potissimum
672 1710 750 1771 bene
777 1709 922 1782 sonantia
947 1711 1000 1771 sed
1029 1729 1065 1771 ea
1088 1729 1151 1770 non
1177 1722 1212 1771 ut
1230 1729 1258 1781 15

205 1818 312 1885 poetae
333 1807 478 1885 exquisita
498 1809 538 1868 ad
558 1828 675 1882 sonum,
698 1809 752 1868 sed
773 1819 892 1886 sumpta
913 1810 952 1869 de
973 1806 1084 1868 medio.

286 1925 346 1982 qua
369 1917 480 1984 pontus
493 1908 627 1980 Helles,⁴
639 1912 765 1984 tsupera
784 1894 928 1967 Tmolum
955 1926 992 1967 ac
1013 1905 1200 1969 Tauricos'r:

205 2006 339 2064 locorum
362 2003 527 2082 splendidis
552 2003 724 2064 nominibus
746 2004 940 2065 inluminatus
964 2016 1009 2066 est
1025 2024 1135 2077 versus,
1156 2007 1212 2067 sed

205 2102 356 2180 proximus
371 2102 543 2180 inquinatus
557 2101 763 2163 insuavissima
776 2101 889 2164 littera:

286 2199 353 2259 finis
374 2199 512 2277 frugifera
532 2210 562 2260 et
583 2201 684 2261 efferta
704 2220 774 2261 arva
794 2200 884 2261 Asiae
905 2211 996 2262 tenet.
1228 2217 1259 2252 20

145 2301 192 2366 154
205 2299 275 2374 Qua
292 2318 324 2358 re
342 2297 477 2358 bonitate
497 2297 596 2377 potius
617 2310 786 2359 nostrorum
804 2300 964 2359 verborum
983 2309 1102 2358 utamur
1115 2318 1209 2376 quam

198 2397 363 2473 splendore
378 2398 568 2470 Graecorum,
585 2395 641 2456 nisi
655 2398 731 2457 sorte
746 2395 788 2456 sic
802 2395 885 2474 loqui
900 2395 1052 2474 paenitet:

280 2507 345 2571 'qua
365 2504 542 2572 tempestate
565 2496 715 2554 Helenam
737 2493 819 2554 Paris

204 2603 233 2652 et
243 2612 319 2669 quae
330 2602 503 2668 sequuntur.
528 2594 628 2652 Immo
639 2611 709 2652 vero
720 2591 776 2652 ista
787 2611 947 2670 sequamur
957 2589 1212 2670 asperitatemque

204 2689 368 2767 fugiamus:
1228 2713 1256 2762 ²5

284 2788 383 2847 habeo
404 2787 499 2847 istanc
520 2807 576 2864 ego
597 2786 841 2866 perterricrepam

236 2956 251 3002 3
269 2958 321 2990 una
329 2942 459 3003 postulata
469 2941 495 2989 A
509 2941 675 3002 (oculr’more
685 2941 848 3004 expostulari
867 2941 980 2996 natuml.
994 2941 1062 2991 unde
1078 2957 1130 2991 una
1147 2957 1210 3006 pro-

203 3009 287 3070 posita
297 2999 454 3070 Heerdegm‘r
471 3022 522 3055 una
533 3008 618 3068 posita
630 3005 740 3055 Stroebel
863 3023 877 3068 7
895 3007 922 3055 in
935 3008 1074 3070 prudentia
1086 3007 1111 3056 A
1123 3028 1128 3058 :
1148 3023 1210 3069 pru-

203 3074 307 3122 dentiae
331 3073 353 3119 L
483 3087 510 3119 11
530 3072 649 3120 voluntas
670 3072 757 3121 Bake:
783 3072 904 3134 voluptas
926 3072 978 3122 AL
1062 3072 1212 3123 nitebamur

202 3137 311 3201 Stangl:
328 3138 477 3186 videbamur
487 3138 531 3187 A:
548 3138 699 3187 volebamus
710 3136 734 3185 L
874 3154 902 3201 17
921 3136 1013 3188 Helles
1023 3136 1050 3186 A
1062 3154 1069 3186 z
1085 3137 1173 3186 hellus
1184 3138 1209 3188 L

202 3210 309 3265 superat
321 3202 425 3251 tmolum
438 3203 478 3251 L:
494 3204 703 3266 superadmolum
714 3202 741 3252 A
808 3216 839 3253 ac
850 3203 973 3253 Tauricos
984 3203 1055 3250 PM:
1072 3203 1104 3250 ad
1116 3203 1208 3253 Tauri-

202 3285 247 3318 cos
266 3269 331 3317 FO:
355 3270 492 3317 adauricos
510 3270 556 3319 A:
581 3285 631 3331 qua
651 3276 732 3333 ponte
751 3269 784 3318 ab
804 3269 896 3318 Helles
915 3275 1020 3328 superat
1039 3268 1158 3317 Tmolum
1181 3279 1209 3320 et

201 3334 325 3383 Tauricos
333 3332 441 3397 Madvig
519 3336 548 3384 18
563 3335 677 3384 locorum
686 3335 754 3384 AL:
771 3336 916 3384 colchorum
928 3331 970 3393 0²,
985 3332 1052 3381 unde
1061 3335 1208 3384 auricomus

201 3400 354 3449 Colchorum
366 3396 467 3466 (aries)
479 3401 581 3449 erbaeck
712 3416 745 3449 ao
762 3398 870 3448 linisL:
888 3398 1013 3448 finitusA
1115 3400 1208 3450 efferta

201 3465 352 3514 lachmann
363 3465 400 3514 ad
409 3464 481 3516 Lucr.
494 3469 527 3516 vi.
543 3469 608 3527 258:
626 3466 692 3515 serta
705 3465 742 3515 L:
760 3464 824 3514 lena
836 3463 873 3512 A¹
956 3462 1033 3512 Asiae
1046 3463 1071 3512 A
1082 3481 1087 3514 :
1105 3464 1171 3514 Asia
1182 3466 1206 3513 L

201 3533 319 3592 asparis
345 3532 463 3580 helenam
489 3532 557 3583 AL:
587 3537 683 3595 transp.
709 3530 867 3593 Lachmann,
888 3537 922 3594 cp.
943 3529 974 3578 de
992 3529 1063 3579 Orat.
1091 3530 1126 3581 iii.
1155 3546 1207 3594 ar9

200 3599 233 3647 2⁶
250 3597 333 3647 istanc
346 3597 465 3647 Ribbeck:
482 3599 531 3647 ista
541 3597 567 3645 A
580 3615 585 3647 :
603 3599 671 3647 istan
684 3596 706 3645 L
