2588 4178
161 208 227 281 617
467 206 511 265 M.
540 206 668 264 TVLLI
696 204 930 268 CICERONIS

195 372 249 431 sed
263 390 331 431 acer
345 381 374 430 et
388 372 495 431 doctus

273 489 343 528 cum
365 468 546 529 Pacideiano
566 467 616 527 hic
637 466 1010 545 componitur,-optimus
1031 469 1121 545 longe

273 578 342 643 post
362 565 499 626 homines
520 577 656 625 natos-.

237 663 321 724 Nihil
343 663 422 723 enim
445 663 497 724 illo
521 674 637 722 oratore
659 661 785 722 arbitror
805 661 927 740 cogitari
949 682 1037 740 posse
1058 662 1198 723 divinius.

152 773 181 824 18
198 760 280 820 Huic
314 760 408 820 labori
443 770 545 821 nostro
575 762 637 820 duo
669 779 778 837 genera
809 760 1073 836 reprehensionum
1107 779 1228 838 oppos

195 871 313 919 nuntur.
356 862 459 918 Vnum
494 859 571 919 hoc:
609 859 739 917 ‘Verum
774 856 880 942 melius
912 858 1037 919 Graeci’
1082 861 1112 918 A
1136 878 1200 936 quo

195 968 352 1034 quaeratur
375 955 485 1034 ecquid
507 953 624 1032 possint
647 954 704 1032 ipsi
732 954 838 1014 melius
862 954 992 1016 Latine?
1042 959 1199 1016 Alterum:

197 1054 302 1130 ‘Quid
345 1053 416 1114 istas
460 1053 560 1131 potius
604 1054 701 1130 legam
747 1071 837 1129 quam
884 1055 1055 1113 Graecas?’
1111 1056 1198 1114 Idem

194 1151 340 1212 Andriam
366 1163 395 1211 et
419 1150 614 1228 Synephebos
644 1170 700 1210 nec
729 1149 828 1210 minus
856 1147 1043 1230 [Terentium
1071 1163 1100 1212 et
1126 1154 1201 1214 Cae-

194 1248 295 1309 cilium
319 1269 409 1326 quam
431 1250 633 1308 Menandrum
655 1250 767 1324 legunt,
788 1245 857 1329 nec]
879 1251 1124 1309 Andromacham
1145 1260 1199 1310 aut
1216 1270 1244 1307 ιο

194 1346 358 1425 Antiopam
386 1359 438 1406 aut
466 1346 620 1423 Epigonos
648 1345 779 1405 Latinos
800 1345 961 1427 recipiunt[
972 1368 980 1421 ;
1014 1349 1068 1407 sed
1095 1358 1198 1407 tamen

195 1443 327 1503 Ennium
343 1456 372 1503 et
388 1443 551 1504 Pacuvium
571 1454 601 1502 et
614 1441 741 1503 Accium
756 1442 856 1522 potius
871 1463 962 1521 quarn
977 1443 1153 1522 Euripidem
1170 1457 1200 1504 et

194 1543 374 1620 Sophoclem
384 1538 513 1622 legunt}
557 1542 650 1616 Quod
670 1539 757 1618 igitur
776 1554 821 1601 est
840 1561 943 1602 eorum
962 1541 993 1601 in
1012 1542 1198 1602 orationibus

194 1660 210 1700 e
225 1641 341 1700 Graeco
356 1639 505 1714 conversis
519 1638 680 1712 fastidium,
695 1641 811 1699 nullum
825 1660 895 1700 curn
909 1640 947 1711 sit
961 1639 992 1699 in
1006 1639 1163 1701 versibus?

149 1704 180 1846 ,Ξ
235 1739 295 1797 Sed
308 1736 517 1814 adgrediamur
531 1735 590 1796 iam
605 1739 689 1814 quod
708 1737 903 1814 suscepimus,
919 1736 944 1797 si
961 1736 1041 1814 prius
1056 1753 1241 1815 exposue-15

194 1832 285 1894 rimus
300 1854 377 1912 quae
399 1855 488 1894 causa
509 1834 539 1893 in
559 1833 704 1895 iudicium
719 1836 851 1895 deducta
871 1835 916 1895 sit.
962 1837 1040 1901 Cum
1058 1849 1137 1896 esset
1151 1839 1199 1897 lex

193 1931 329 2005 AtheniS,
354 1951 398 1992 un
420 1950 490 2002 ers
516 1949 626 1992 POPVLl
653 1950 767 1993 scrrvru
794 1950 943 2006 rhenani,
968 1951 1008 1992 vs
1035 1951 1197 2004 ersovnrr

93 2109 94 2113 Ἰ
193 2047 322 2090 cortona
337 2048 532 2091 nonnunrvn
547 2048 582 2088 nt
603 2048 805 2090 uncrsrnnrv
819 2048 910 2090 Pruvs
930 2048 1019 2100 QVAM
1039 2049 1198 2093 annonas

195 2143 403 2188 narrvnrssnr
414 2151 422 2202 3
441 2139 470 2187 et
484 2130 576 2187 altera
590 2129 645 2200 lex,
657 2146 723 2201 Εοε,
735 2145 788 2197 Qvi
801 2146 821 2187 A
833 2117 952 2189 Porvno
967 2147 1195 2204 nonnnnnrvrt,

195 2244 229 2285 ru
250 2243 412 2286 conrronn
435 2243 557 2303 nouum
580 2244 707 2286 nassas
717 2249 726 2300 3
746 2244 800 2296 Qvi
822 2245 842 2285 A
862 2245 991 2301 ssunrv,
1012 2245 1047 2287 ru
1065 2245 1195 2301 suunrv,
1213 2247 1244 2281 20

195 2326 415 2384 Demosthenes
437 2334 554 2384 curator
576 2323 667 2383 muris
692 2323 859 2385 reficiendis
881 2324 937 2385 suit
958 2345 1071 2403 eosque
1095 2326 1198 2387 resecit

193 2421 321 2498 pecunia
335 2442 407 2496 sua;
428 2424 467 2483 de
482 2424 540 2482 hoc
560 2421 647 2498 igitur
662 2422 828 2501 Ctesiphon
843 2422 951 2483 scitum
970 2423 1040 2483 fecit
1054 2423 1143 2484 nullis
1158 2425 1197 2484 ab

129 2595 131 2599 Ι
191 2519 243 2580 illo
271 2518 435 2579 rationibus
463 2519 570 2592 relatis,
600 2532 633 2580 ut
658 2539 770 2580 corona
797 2533 886 2580 aurea
913 2523 1074 2581 donaretur
1101 2541 1197 2599 eaque

191 2618 316 2689 donatio
337 2620 419 2679 fieret
440 2619 471 2679 in
491 2621 607 2680 theatro
628 2622 742 2697 populo
763 2630 937 2691 convocato,
959 2619 1011 2696 qui
1032 2622 1116 2680 locus
1133 2641 1197 2682 non

191 2728 236 2776 est
250 2707 399 2776 cdntionis
413 2717 571 2795 legitimae,
586 2728 677 2794 atque
691 2716 733 2776 ita
746 2715 973 2794 praedicaretur,
988 2735 1055 2776 avii
1071 2729 1195 2780 nonum
1213 2739 1244 2791 ²5

192 2832 336 2874 vrnrvrrs
356 2832 440 2874 unco
456 2832 783 2885 nsunvounrtrmnovs
798 2832 886 2884 Qvnrr
902 2832 929 2874 rs
944 2833 1029 2875 anon
1048 2835 1196 2878 Porvnvrr

146 2940 178 2975 20
191 2931 421 2973 nrnnursusnn
452 2931 608 2974 ursanus.
666 2908 760 2973 Hunc
788 2911 875 2990 igitur
903 2912 1196 2991 Ctesiphontem,.in

191 3008 335 3071 iudicium
356 3011 481 3073 adduxit
501 3011 676 3085 Aeschines,
693 3014 778 3089 quod
797 3022 901 3071 contra
921 3012 1001 3088 leges
1022 3010 1196 3091 scripsisset,

224 3182 239 3214 a
257 3166 411 3214 Pacideiano
435 3165 588 3217 Cratander:
617 3165 755 3216 Pacidiano
769 3163 817 3230 GP
946 3183 962 3229 5
979 3169 1197 3230 reprehensorum

192 3233 283 3280 maluit
289 3229 424 3280 Manutius
487 3235 504 3280 6
519 3247 608 3280 verum
619 3231 686 3294 vulg·
701 3248 707 3279 :
723 3231 829 3280 verbum
841 3229 909 3283 codd.
978 3249 992 3294 7
1011 3234 1103 3296 ecquid
1111 3236 1178 3299 vulga
1191 3254 1199 3284 ε

191 3298 291 3360 etquid
303 3297 369 3346 codd.
480 3296 529 3359 ipsi
540 3298 625 3360 vulga:
644 3295 718 3345 iiliG
833 3296 1069 3364 9Terentium...
1084 3315 1133 3348 nec
1144 3302 1197 3349 secl.

188 3362 261 3423 Jahn
342 3378 421 3424 1¹·13
439 3363 485 3411 sed
497 3370 603 3412 tamen.
619 3399 624 3412 .
638 3398 644 3412 .
658 3362 748 3422 legunt
760 3360 812 3410 secl.
822 3361 896 3421 Jahn
911 3363 1053 3424 (Ennium.
1067 3401 1074 3414 .
1088 3402 1094 3416 .
1107 3365 1198 3426 legunt
1280 3407 1281 3410 ,

189 3427 242 3476 secl.
251 3427 343 3491 Orelli)
444 3443 474 3487 14
492 3443 506 3476 e
518 3428 619 3477 Graeco
630 3425 788 3476 Lambinus:
806 3443 820 3475 a
833 3442 910 3488 greco
924 3429 972 3477 GP
1079 3445 1109 3492 ¹9
1125 3431 1170 3492 qui
1182 3447 1197 3480 a

191 3493 258 3554 vulg.
271 3511 276 3542 :
293 3494 352 3555 quia
364 3493 430 3544 codd
483 3509 516 3542 ao
533 3494 576 3556 qui
588 3510 603 3542 a
614 3500 706 3542 senatu
718 3491 834 3542 Muretus
844 3511 850 3542 ε
862 3495 923 3554 quia
929 3494 996 3544 codd.
1048 3510 1078 3542 ar
1098 3511 1197 3559 eosque

144 3596 145 3599 ,
191 3557 259 3622 vulg.
272 3575 278 3608 z
296 3560 409 3620 deosque
420 3558 487 3608 codd.
587 3575 619 3619 24
638 3559 713 3608 fieret
724 3557 791 3621 vulg.
805 3576 810 3606 :
828 3561 904 3610 suerit
918 3562 956 3610 G:
974 3559 1065 3624 iecerit
1077 3567 1105 3610 ut
1116 3560 1143 3609 P
