2588 4178
575 198 820 287 pxnurnrro

195 406 357 450 Mcnxxxn
380 390 560 470 exscriptum
582 404 651 472 post
671 392 821 472 perditum
844 393 1035 454 Laudenscm
1056 391 1105 454 vix
1125 391 1199 453 tanti

194 488 291 549 facere
319 487 388 550 licet
416 489 520 568 quanti
547 490 618 551 fecit
646 492 776 566 Ellendt,
803 490 939 570 quamvis
967 502 997 552 et
1020 492 1199 552 mendorum

193 605 290 664 paene
311 585 349 648 sit
366 585 508 649 immunis
523 599 553 649 et
572 587 754 667 antiquiores
773 588 932 650 verborum
952 590 1062 650 formas
1081 587 1199 666 saepius

193 695 301 745 teneat
1077 763 1079 770 Ι

235 783 273 842 In
288 780 427 844 codicum
443 781 623 846 lectionibus
644 783 818 863 delegendis
832 796 863 847 et
881 782 1083 846 exscribendis
1105 785 1200 846 multo

196 879 269 940 mihi
283 880 350 941 usui
369 893 431 941 erat
450 880 543 943 editio
558 884 695 944 Thomae
717 884 840 962 Stangl;
870 903 969 962 neque
993 882 1200 944 recensionem

195 977 292 1056 sprevi
317 977 459 1039 Gulielmi
482 977 645 1041 Friedrich.
696 981 819 1042 Praesto
846 1000 968 1058 quoque
995 992 1057 1041 erat
1084 992 1201 1058 praeter

195 1073 370 1136 vetustiores
384 1074 477 1137 editio
492 1075 607 1138 Gallica
621 1095 717 1154 nuper
730 1096 748 1138 a
763 1076 841 1137 Iulio
857 1077 978 1137 Martha
992 1078 1137 1138 confecta.

236 1173 420 1235 Oxnronnru
439 1172 606 1235 recensenti
623 1194 686 1235 non
702 1175 787 1236 deest
803 1174 945 1235 auxilium
963 1174 1076 1236 codicis
1094 1173 1200 1254 optimi

195 1282 225 1332 et
239 1269 310 1331 satis
323 1270 439 1350 antiqui
454 1270 647 1333 Abrincensis
661 1270 756 1354 (238),
772 1291 863 1350 quem
878 1273 986 1333 ducem
1002 1272 1079 1334 inter
1088 1271 1200 1352 primos

167 1399 176 1416 ·
196 1368 288 1430 habui
302 1367 334 1428 in
348 1368 430 1430 libris
441 1371 480 1430 de
492 1369 617 1431 Oratore
628 1369 801 1448 relegendis,
815 1370 870 1431 sed
884 1370 934 1430 hic
945 1390 1066 1449 quoque
1077 1369 1201 1449 turpiter

197 1465 312 1528 mutili:
341 1487 412 1526 narn
433 1467 525 1529 habet
545 1480 662 1529 tanturn
684 1466 713 1543 ξς
734 1488 861 1546 91—191,
883 1471 1030 1547 231-238.
1076 1469 1122 1528 Ex
1138 1487 1200 1546 quo

196 1563 301 1626 codice
326 1577 441 1626 ceteros
462 1566 583 1627 mutilos
611 1586 677 1628 esse
702 1565 850 1627 derivatos
875 1565 974 1627 omnis
996 1564 1067 1627 satis
1095 1565 1202 1646 proba-

196 1659 293 1723 biliter
310 1663 413 1725 docuit
434 1664 626 1744 Heerdegen,
646 1683 723 1742 quos
744 1662 807 1724 iure
828 1675 930 1725 nostro
947 1665 1103 1743 neglegere
1121 1661 1199 1725 licet.

196 1759 319 1822 Codicis
326 1773 427 1822 autem
438 1761 631 1824 Abrincensis
637 1762 691 1842 (A)
697 1761 840 1824 lectiones
852 1781 970 1840 semper
979 1763 1040 1823 sere
1051 1759 1202 1835 dedimus,

197 1877 296 1936 neque
317 1871 417 1940 tamen
442 1858 483 1921 ita
505 1871 539 1921 ut
562 1880 660 1922 meros
685 1859 792 1921 calami
820 1879 932 1921 errores
954 1879 1071 1938 semper
1092 1857 1200 1938 dignos

196 1974 262 2016 esse
285 1969 458 2034 putaremus
477 1956 529 2036 qui
548 1956 790 2019 exscriberentur.
834 1957 872 2018 ln
894 1957 953 2018 hoc
978 1976 1099 2035 quoque
1123 1955 1201 2018 libro

197 2065 293 2114 textus
311 2053 424 2129 codicis
446 2054 525 2117 illius
547 2055 714 2117 Laudensis
733 2054 791 2115 iam
810 2053 927 2134 pridem
947 2053 1095 2135 deperditi
1116 2053 1200 2115 testis

197 2151 343 2213 habemus
371 2153 492 2214 codices
517 2155 610 2215 Italos
637 2154 758 2214 saeculo
782 2150 902 2213 decimo
925 2146 1032 2230 quinto
1056 2162 1199 2226 exaratos,

197 2268 325 2327 quorum
336 2269 517 2312 consensum
533 2249 607 2329 siglo
621 2253 649 2312 L
662 2235 769 2311 iterum
784 2247 989 2312 indicavimus.
1034 2251 1080 2310 Ex
1091 2247 1201 2328 quibus

197 2358 338 2425 quattuor
359 2349 461 2426 Stangl
490 2348 600 2409 ducem
625 2344 719 2409 secuti
743 2345 933 2408 adhibendos
958 2364 1024 2407 esse
1051 2345 1198 2408 duximus.

199 2445 246 2505 De
267 2445 371 2506 FOM
391 2442 451 2504 iam
474 2463 563 2523 supra
587 2441 766 2504 docuimus:
795 2441 845 2503 hic
865 2441 1024 2504 addendus
1045 2442 1117 2502 P=
1131 2442 1199 2503 cod.

198 2540 350 2602 Palatinus
375 2544 460 2619 1469,
480 2561 541 2620 quo
561 2539 592 2601 in
614 2539 695 2602 libris
716 2541 755 2602 de
774 2522 906 2602 Oratore-⁹
918 2537 965 2600 usi
983 2558 1095 2600 sumus.
1139 2539 1201 2600 Hic

197 2639 257 2700 illic
278 2638 423 2700 lectiones
442 2638 556 2701 codicis
573 2636 796 2718 Vitebergensis
816 2636 874 2720 (f)
892 2657 910 2699 a
928 2636 1081 2699 Friedrich
1100 2637 1201 2698 collati

197 2737 363 2800 exscribere
376 2737 496 2817 placuit.
536 2735 596 2799 Sed
610 2737 728 2798 turbam
743 2735 882 2797 codicum
897 2734 1142 2813 interpolatorum
1157 2737 1201 2796 las

198 2856 263 2898 esse
277 2838 433 2914 neglegere
444 2834 617 2915 putavi,qui
628 2833 730 2913 siquis
743 2832 818 2896 scire
829 2832 955 2895 voluerit
965 2844 1040 2911 quot
1050 2849 1081 2894 et
1089 2845 1202 2911 quanta

197 2933 365 3009 erraverint,
390 2931 473 2996 adire
500 2931 603 2994 licebit
630 2952 769 3010 magnam
794 2929 912 3011 copiam
937 2949 1028 3010 quam
1052 2931 1202 3010 congessit

200 3031 380 3110 Heerdegen
405 3029 449 3091 vir
473 3043 618 3110 strenuus.
662 3031 723 3092 Sed
745 3028 770 3090 si
795 3027 868 3108 quid
894 3029 962 3090 Itali
984 3027 1055 3095 satis
1077 3027 1201 3090 feliciter

198 3140 396 3203 correxerunt,
411 3127 443 3188 id
462 3127 536 3206 siglo
559 3129 588 3188 V.
601 3124 785 3208 (=vulgata)
800 3126 910 3187 notavi.
950 3129 1070 3188 Praeter
1088 3137 1201 3187 ceteras

199 3226 258 3287 iam
275 3238 525 3308 commemoratas
543 3225 708 3288 editionem
725 3223 851 3302 Sandysi
871 3223 939 3300 mei,
953 3223 1007 3285 viri
1026 3222 1200 3298 doctissimi,

199 3344 364 3402 numquam
380 3344 397 3385 e
411 3323 551 3385 manibus
565 3322 703 3403 deposui,
713 3318 749 3384 ex
760 3342 820 3402 qua
834 3334 981 3401 quantum
996 3323 1117 3397 fructus,
1128 3322 1202 3383 dum

198 3421 343 3484 iudicium
358 3420 436 3483 illius
447 3421 525 3484 bene
539 3421 698 3483 subactum
713 3440 829 3499 sequor,
840 3419 958 3481 tulerim
969 3419 1082 3498 ubique
1096 3431 1186 3498 patet.
1263 3465 1265 3469 -

241 3523 292 3582 Da
306 3522 436 3584 Onrnro
450 3523 589 3584 Genera
603 3506 787 3584 Oxnronvur
805 3519 922 3581 libellus
941 3529 1036 3580 exstat
1050 3517 1081 3578 in
1096 3518 1201 3581 codice

198 3631 317 3683 vetusto
337 3619 530 3698 Sangallensi
544 3623 602 3682 818
618 3621 665 3700 (G
684 3638 760 3682 saec.
779 3618 832 3700 xi),
845 3639 937 3698 quern
954 3617 1077 3680 unicum
1092 3620 1201 3681 ducem
