2588 4178
106 211 120 219 Α,
144 168 249 239 63227
456 167 499 225 n.
529 166 658 246 rvrrr
687 164 920 228 crenaours
951 254 952 257 Ν

198 354 266 393 cum
281 333 353 394 vitio
366 333 448 395 vocis
469 345 532 395 tum
554 335 645 396 etiam
664 335 783 415 ineptiis
805 335 1000 396 claudicabat.
1046 334 1108 395 Hic
1122 345 1195 396 tem-

197 431 318 507 poribus
340 431 439 491 floruit
461 431 503 492 eis
530 432 743 510 quibus-inter
767 432 982 511 profectionem
1005 433 1195 510 reditumque

197 531 229 587 L.
254 531 352 589 Sullae
374 528 437 589 sine
457 529 521 589 iure
541 529 597 588 fuit
617 540 647 589 et
667 529 731 588 sine
753 531 813 598 ulla
833 529 977 608 dignitate
996 549 1042 590 res
1055 529 1176 609 publica
1187 552 1195 604 ;

156 683 157 686 ,
196 627 254 685 hoc
269 626 358 686 etiam
374 625 467 704 magis
481 626 670 704 probabatur,
687 629 847 703 quoderat
867 625 907 688 ab
926 626 1092 688 oratoribus
1105 647 1195 704 quae·

196 723 312 805 damin
328 726 393 783 foro
410 719 549 784 solitudo.
593 723 741 802 Sulpicius
760 724 918 797 occiderat,
935 726 1026 786 Cotta
1044 725 1146 785 aberat
1163 735 1221 785 et5

196 823 296 895 Curi0,
313 823 431 883 vivebat
445 843 461 882 e
476 821 596 898 reliquis
615 823 747 899 patronis
765 822 828 883 eius
847 823 951 883 aetatis
969 844 1060 884 nemo
1078 835 1194 901 praeter

197 921 367 981 Carbonem
383 931 412 981 et
427 920 637 998 Pomponium,
654 941 781 997 quorum
796 934 956 998 utrumque
970 921 1056 981 facile
1076 941 1194 999 supera·

141 990 183 1060 ⁶4
197 1019 255 1077 bat.
308 1017 458 1077 Inferioris
482 1028 582 1077 autem
610 1017 714 1077 aetatis
742 1029 803 1077 erat
825 1018 977 1096 proximus
997 1020 1031 1078 L.
1057 1017 1190 1092 Sisenna,

134 1083 181 1128 ²²8
195 1117 302 1176 doctus
316 1115 359 1174 vir
373 1127 403 1176 et
423 1114 529 1175 studiis
550 1114 670 1192 optimis
691 1115 821 1189 dedituS,
835 1117 913 1176 bene
927 1116 1034 1176 Latine
1055 1117 1190 1192 loquens,

193 1232 301 1290 gnarus
325 1212 367 1272 rei
391 1211 537 1289 publicae,
564 1233 626 1272 non
650 1211 715 1272 sine
737 1211 850 1272 facetiis
878 1215 932 1273 sed
960 1233 1058 1290 neque
1082 1213 1192 1274 laboris
1208 1235 1238 1270 lo

195 1309 280 1368 multi
294 1329 349 1368 nec
364 1309 434 1368 satis
448 1320 580 1369 versatus
595 1309 625 1368 in
640 1309 754 1384 causis3
775 1309 1006 1387 interiectusque
1026 1300 1192 1371 inter'duas

194 1417 304 1466 aetates
318 1405 466 1466 Hortensi
484 1418 513 1466 et
535 1406 648 1483 Sulpici
668 1427 725 1466 nec
747 1406 888 1467 maiorem
910 1407 1055 1484 consequi
1075 1420 1193 1485 poterat

194 1514 223 1563 et
245 1503 352 1564 minori
374 1524 496 1564 necesse
519 1516 580 1564 erat
605 1505 718 1564 cedere.
763 1504 864 1564 Huius
889 1504 987 1564 omnis
1009 1507 1133 1565 facultas
1155 1526 1192 1565 ex

193 1600 316 1661 historia
330 1600 421 1677 ipsius
435 1600 562 1678 perspici
576 1612 685 1678 potest,
699 1621 776 1678 quae
791 1622 860 1661 cum
878 1602 965 1662 facile
979 1602 1077 1683 omnis
1091 1602 1192 1664 vincat

194 1698 369 1775 superiores,
391 1711 455 1758 tum
482 1699 595 1759 indicat
622 1711 723 1759 tamen
747 1692 893 1776 quantum
921 1699 998 1760 absit
1026 1720 1044 1760 a
1071 1721 1191 1762 summo
1206 1729 1235 1780 15

193 1816 344 1874 quamque
365 1817 458 1874 genus
483 1799 541 1857 hoc
564 1796 731 1874 scriptionis
758 1799 895 1858 nondum
919 1797 957 1858 sit
981 1797 1051 1858 satis
1076 1785 1191 1858 Latinis

193 1894 296 1954 litteris
324 1894 519 1954 inlustratum.
573 1897 653 1954 Nam
676 1897 713 1970 Q.
737 1895 882 1955 Hortensi
904 1897 1070 1956 admodum
1091 1899 1192 1957 adule-

194 1991 303 2052 scentis
317 1991 469 2069 ingenium
484 2002 517 2050 ut
532 1992 657 2052 Phidiae
672 1992 789 2069 signum
804 1993 892 2052 simul
906 2006 1060 2070 aspectum
1077 2006 1108 2054 et
1125 2015 1192 2072 pro

132 2109 179 2162 229
193 2090 296 2149 batum
318 2102 370 2149 est.
415 2092 445 2148 Is
467 2091 500 2148 L.
517 2090 625 2150 Crasso
645 2091 682 2165 Q.
699 2092 842 2150 Scaevola
865 2090 1038 2151 consulibus
1059 2090 1189 2167 primurn

192 2186 223 2245 in
244 2188 309 2246 foro
330 2185 403 2247 dixit
426 2197 455 2246 et
477 2188 558 2264 apud
579 2188 634 2246 hos
659 2172 739 2263 ipsos
761 2186 882 2263 quidem
904 2190 1051 2261 consules,
1067 2199 1097 2248 et
1118 2209 1188 2248 cum
1204 2210 1236 2245 πο

192 2304 295 2344 eorum
318 2283 369 2361 qui
393 2285 559 2356 adfuerunt,
583 2295 646 2343 tum
669 2284 800 2367 ipsorum
829 2287 986 2344 consulum
1015 2284 1066 2362 qui
1090 2286 1189 2346 omnis

193 2380 397 2457 intellegentia
416 2380 578 2454 anteibant,
602 2381 713 2442 iudicio
735 2381 871 2442 discessit
895 2383 1045 2458 probatus.
1089 2386 1191 2444 Vnde·

191 2477 294 2555 viginti
315 2497 410 2537 annos
431 2490 518 2537 natus
539 2489 601 2538 erat
620 2499 656 2538 eo
676 2490 817 2556 tempore,
839 2492 883 2539 est
904 2490 1004 2539 autem
1027 2483 1060 2539 L.
1083 2483 1190 2540 Paullo

192 2576 227 2636 C.
245 2577 389 2635 Marcello
403 2575 577 2635 consulibus
599 2586 750 2635 mortuus:
773 2597 808 2636 ex
827 2596 887 2653 quo
908 2576 1044 2637 videmus
1066 2598 1136 2637 eum
1158 2578 1189 2637 in

191 2684 382 2748 patronorum
400 2693 525 2732 numero
545 2692 641 2732 annos
662 2684 801 2750 quattuor
822 2684 852 2734 et
872 2674 1067 2751 quadraginta
1087 2674 1187 2736 luisse.
1205 2703 1235 2752 ²5

191 2771 263 2829 Hoc
278 2770 316 2828 de
331 2779 446 2829 oratore
459 2770 550 2846 paulo
567 2781 634 2845 post
651 2772 735 2847 plura
756 2769 909 2844 dicemus3
929 2772 988 2830 hoc
1004 2782 1105 2830 autem
1120 2773 1189 2833 loco

191 2865 340 2926 voluimus
364 2876 493 2926 aetatem
518 2866 576 2924 eius
597 2865 628 2924 in
652 2866 800 2942 disparem
826 2878 973 2927 oratorum
998 2879 1124 2927 aetatem
1147 2869 1190 2928 in·

191 2956 341 3022 cludere(
383 2964 575 3038 Quamquam
608 2962 639 3022 id
671 2963 793 3040 quidem
824 2964 965 3024 omnibus
1000 2985 1055 3023 usu
1088 2965 1190 3027 venire

191 3078 313 3118 necesse
341 3057 404 3131 fuit,
435 3059 544 3135 quibus
575 3061 666 3136 paulo
697 3060 812 3136 longior
844 3060 904 3119 vita
933 3061 1064 3138 contigit,
1094 3074 1127 3122 ut
1158 3075 1189 3124 et
1227 3072 1228 3075 ’

191 3176 259 3215 curn
289 3158 384 3216 multo
417 3156 577 3216 maioribus
605 3169 679 3216 natu
710 3177 800 3233 quam
831 3169 930 3218 essent
962 3158 1017 3235 ipsi
1053 3170 1082 3219 et
1117 3180 1188 3220 cum
1204 3184 1236 3232 30

190 3252 344 3330 aliquanto
375 3252 540 3312 minoribus
572 3265 820 3331 compararentur.
877 3258 918 3314 Vt
950 3255 1060 3314 Accius
1089 3256 1189 3317 isdem

224 3422 239 3454 a
257 3407 296 3454 eis
307 3408 393 3471 vulg:
412 3408 487 3455 hisL
585 3425 601 3470 3
619 3409 669 3456 ulla
682 3411 735 3459 secl.
744 3410 816 3469 Jalm
918 3425 947 3457 12
965 3413 1087 3459 maiorem
1100 3415 1189 3476 vulg:

191 3472 293 3520 maioris
307 3473 328 3519 L
426 3475 459 3520 26
475 3473 524 3520 hoc
537 3509 542 3520 .
557 3509 563 3521 .
578 3511 583 3523 .
596 3475 727 3523 includere
738 3477 789 3524 sal.
802 3475 931 3523 Eberhard
1027 3493 1058 3538 27
1076 3487 1188 3527 aetatem

190 3537 346 3585 seclschttta
411 3539 466 3587 eius
478 3538 533 3587 add.
547 3538 689 3602 Stephanus
753 3548 864 3589 aetatem
875 3541 964 3590 om.O
