2588 4178
131 205 229 265 35132
463 190 508 248 M.
530 188 658 247 TVLLI
680 187 913 272 CICERONIS

110 428 112 434 ¹
180 379 298 420 summa
316 377 379 418 non
395 355 472 418 vitae
491 343 588 417 solum
607 367 698 434 atque
720 366 843 415 naturae
861 356 915 416 sed
934 353 1075 415 orationis
1094 352 1184 413 etiam

132 502 134 504 ψ
179 455 314 531 comitas,
342 454 513 533 incorrupta
540 455 687 531 quaedam
717 452 816 513 Latini
843 452 989 513 sermonis
1016 451 1186 530 integritas3

180 575 262 632 quae
276 552 404 633 perspici
422 573 492 614 curn
509 572 546 612 ex
564 550 748 612 orationibus
767 549 831 611 eius
850 561 949 628 potest
962 562 1027 610 tum
1046 548 1186 609 facillime

180 673 217 713 ex
240 671 278 713 eo
302 651 379 712 libro
403 669 493 728 quern
521 651 571 711 de>
589 651 746 710 consulatu
774 659 804 708 et
828 650 867 709 de
894 649 983 708 rebus
1007 647 1096 725 gestis
1124 646 1185 707 suis

180 748 383 827 conscriptum
398 747 481 808 molli
495 759 525 808 et
539 747 755 824 Xenophontio
771 766 879 824 genere
893 744 1038 806 sermonis
1053 744 1133 805 misit
1146 746 1188 805 ad
1200 759 1215 810 5

181 851 218 908 A.
234 846 356 908 Furium
366 857 496 924 poetam,
508 845 682 905 familiarem
697 865 803 918 suum3
825 842 876 922 qui
890 843 965 903 liber
979 842 1073 904 nihilo
1087 842 1188 912 notior

124 976 131 1009 ι
137 974 168 1023 33
181 957 226 1007 est
247 965 337 1023 quarn
359 944 401 1004 illi
422 954 488 1016 tres,
505 944 545 1004 de
558 942 667 1021 quibus
688 953 757 1002 ante
778 941 846 1014 dixi,
863 941 966 1003 Scauri
986 940 1061 1002 libri.
1104 943 1185 1000 Tum

183 1047 310 1104 Brutus:
336 1042 415 1103 Mihi
428 1042 559 1120 quidem,
575 1041 682 1120 inquit,
697 1062 755 1102 nec
771 1040 827 1101 iste
845 1052 935 1102 notus
951 1052 997 1101 est
1014 1061 1070 1101 nec
1084 1038 1127 1099 illi
1136 1061 1187 1114 3·-

182 1145 236 1202 sed
250 1144 326 1202 haec
340 1161 407 1202 mea
417 1143 506 1218 culpa
516 1151 569 1213 est,
582 1161 746 1223 numquam
758 1139 840 1200 enim
853 1139 885 1199 in
899 1159 1007 1199 manus
1017 1138 1186 1199 inciderunt

182 1260 305 1301 -nunc
326 1250 481 1299 autemet
504 1258 523 1298 a
545 1250 574 1298 te
598 1258 715 1298 sumam
736 1248 766 1298 et
786 1236 961 1314 conquiram
984 1236 1040 1297 ista
1061 1238 1187 1314 posthac
1202 1252 1233 1288 10

182 1336 335 1400 curiosius.
380 1335 448 1398 Fuit
467 1335 554 1414 igitur
570 1334 601 1394 in
616 1337 725 1397 Catulo
744 1354 842 1395 sermo
861 1334 986 1394 Latinus
996 1356 1005 1409 3
1028 1354 1106 1412 quae
1122 1336 1187 1393 laus

183 1435 305 1497 dicendi
322 1449 384 1495 non
394 1433 560 1507 ⁴mediocris
574 1433 614 1493 ab
633 1432 799 1505 oratoribus
817 1432 967 1511 plerisque
983 1434 1119 1510 neglecta
1132 1445 1187 1494 est.

183 1537 263 1594 Nam
281 1535 320 1594 de
340 1553 417 1593 sono
433 1530 515 1592 vocis
536 1542 566 1591 et
586 1530 731 1591 suavitate
749 1532 994 1609 appellandarum
1014 1531 1185 1604 litterarum,

183 1630 326 1709 quoniam
360 1628 453 1689 filium
484 1627 659 1706 cognovisti,
688 1628 750 1689 noli
778 1639 949 1705 exspectare
976 1627 1050 1706 quid
1077 1628 1186 1690 dicam.

184 1729 377 1803 Quamquam
391 1725 469 1785 filius
484 1722 606 1802 quidem
621 1724 752 1784 nonfuit
769 1723 800 1784 in
814 1736 965 1786 oratorum
982 1746 1117 1800 numero,
1133 1727 1188 1787 sed
1203 1739 1232 1790 15

183 1844 245 1884 non
260 1826 362 1885 deerat
373 1821 401 1883 ei
411 1833 513 1883 tamen
527 1820 558 1880 in
573 1821 720 1882 sententia
730 1822 859 1883 dicenda
869 1843 938 1883 cum
953 1824 1113 1900 prudentia
1122 1835 1187 1884 tum

123 1936 170 1986 134
184 1925 303 2000 elegans
318 1922 472 1998 quoddam
484 1931 514 1980 et
525 1919 674 1981 eruditum
689 1919 831 1981 orationis
844 1940 947 1998 genus.
991 1924 1057 1983 Nec
1067 1921 1188 1983 habitus

184 2031 229 2081 est
253 2030 354 2079 tamen
377 2028 461 2096 pater
488 2016 552 2095 ipse
577 2020 702 2080 Catulus
724 2017 862 2096 princeps
890 2018 922 2078 in
944 2039 1070 2081 numero
1092 2032 1189 2098 patro

184 2138 303 2193 norum,
327 2117 382 2177 sed
406 2128 468 2176 erat
490 2116 556 2176 talis
579 2128 620 2191 ut,
643 2137 711 2178 cum
735 2119 883 2194 quosdam
904 2117 1023 2178 audires
1047 2118 1187 2196 quitum

184 2227 267 2276 erant
282 2225 473 2293 praestantes,
490 2213 639 2275 videretur
657 2235 723 2276 esse
743 2215 871 2288 inferior,
887 2236 958 2276 cum
971 2228 1072 2277 autem
1088 2215 1187 2295 ipsum
1203 2241 1235 2277 ro

183 2313 301 2374 audires
320 2312 384 2372 sine
406 2311 637 2389 comparatione,
652 2333 715 2373 non
736 2314 829 2374 modo
850 2325 1009 2374 contentus
1029 2333 1118 2389 esses,
1133 2317 1189 2376 sed

123 2433 171 2484 135
185 2410 291 2472 melius
319 2401 382 2471 non
410 2429 574 2487 quaereres.
627 2413 664 2486 Q.
694 2414 835 2472 Metellus
860 2411 1040 2472 Numidicus
1069 2412 1188 2474 eteius

33 2535 36 2539 ’
126 2573 128 2577 ,
184 2512 310 2587 conlega
331 2510 374 2568 M.
392 2508 509 2569 Silanus
530 2508 672 2570 dicebant
691 2511 730 2570 de
749 2509 915 2587 republica
933 2511 1016 2587 quod
1035 2521 1114 2570 esset
1130 2509 1188 2572 illis

175 2607 252 2667 viris
263 2618 297 2667 et
311 2605 460 2692 consulari
478 2606 616 2685 dignitati
635 2607 713 2668 satis.
757 2610 801 2668 M.
817 2607 956 2668 Aurelius
975 2610 1103 2669 Scaurus
1124 2629 1188 2670 non

185 2725 274 2783 saepe
312 2694 433 2764 diceba't
464 2706 519 2765 sed
553 2703 664 2782 polite3
699 2704 806 2767 Latine
837 2725 907 2782 vero
940 2706 970 2765 in
1003 2704 1119 2783 primis·
1141 2719 1188 2768 est
1202 2732 1233 2782 25

185 2805 336 2881 eleganter
357 2791 503 2862 locutus.¹
528 2805 615 2878 Quae
639 2805 703 2863 laus
728 2804 835 2864 eadem
859 2803 892 2863 in
913 2807 949 2864 A.
973 2803 1087 2865 Albino
1109 2804 1188 2866 bene

185 2898 331 2979 loquendi
352 2898 407 2959 suit
417 2922 425 2974 3
446 2920 517 2960 nam
542 2903 652 2962 flamen
676 2901 806 2962 Albinus
829 2901 920 2963 etiam
942 2900 974 2960 in
995 2920 1122 2962 numero
1143 2913 1189 2962 est

186 2997 306 3059 habitus
323 2995 509 3058 disertorum.
554 3000 591 3073 Q.
607 2998 698 3059 etiam
712 2999 835 3078 Caepio,
851 2999 894 3059 vir
907 3019 975 3060 acer
989 3010 1019 3058 et
1032 2999 1123 3078 fortis,
1140 2998 1190 3060 cui

186 3099 305 3158 fortuna
324 3094 396 3155 belli
417 3094 541 3169 crimini,
558 3094 670 3156 invidia
689 3097 793 3175 populi
816 3095 976 3157 calamitati
1000 3096 1064 3157 fuit.
1108 3099 1189 3157 Tum

185 3194 276 3256 etiam
299 3195 335 3255 C.
358 3194 391 3253 L.
417 3192 556 3253 Memmii
577 3195 697 3254 suerunt
718 3205 849 3256 oratores
873 3194 1048 3267 mediocres,
1071 3214 1191 3260 accusa·
1208 3210 1242 3260 30

186 3305 265 3354 tores
278 3312 362 3353 acres
375 3301 466 3368 atque
479 3289 598 3366 acerbi,
618 3290 720 3369 itaque
741 3289 772 3350 in
790 3290 933 3353 iudicium
956 3291 1066 3371 capitis·
1078 3295 1190 3353 multos

131 3055 173 3128 36

125 3145 173 3207 13⁶

218 3448 298 3510 9sed
317 3449 358 3497 L:
384 3462 433 3496 nec
452 3445 545 3494 Rrin'us
655 3460 682 3494 11
700 3448 786 3510 igitur,
807 3448 911 3509 inquam
929 3447 1062 3505 Eberhard
1159 3463 1189 3496 12

188 3514 337 3563 medlocrite
357 3511 405 3562 OG
512 3527 542 3573 19
558 3527 609 3560 una
627 3513 728 3562 audires
748 3513 846 3576 Kayser
955 3529 986 3562 21
1006 3529 1038 3564 eo
1050 3521 1190 3564 contentus

187 3578 328 3628 Lambinus
443 3579 477 3626 26
493 3577 559 3627 beno
570 3578 695 3641 loquendi
707 3579 759 3629 secl.
774 3579 873 3642 Kayser
980 3581 1013 3628 28
1030 3580 1071 3629 cui
1084 3580 1189 3630 fortuna

189 3645 248 3695 0¹ss
269 3663 275 3695 ι
291 3645 335 3708 qui
348 3642 485 3695 fortunaL
706 3664 707 3667 ¹
1040 3637 1046 3649 ¹
