2588 4178
527 199 692 261 BRVTVS
1069 200 1114 261 60
1128 209 1175 260 218

111 364 336 444 percontatione
347 364 389 426 fili
400 364 473 444 quid
487 364 519 425 in
533 378 638 427 senatu
653 378 731 428 esset
743 377 854 427 actum.
891 369 929 428 In
940 388 1001 446 quo
1012 367 1113 429 multis

111 462 209 525 verbis
231 483 301 524 cum
325 462 513 525 inveheretur
537 462 568 522 in
591 464 750 526 Caesarem
775 464 869 527 Curio
890 464 1114 544 disputatioque

111 572 191 623 esset
211 561 288 622 inter
307 581 369 635 eos,
385 572 418 622 ut
438 557 484 622 est*
504 563 693 623 consuetudo
713 561 910 641 dialogorum,
924 583 993 624 cum
1015 584 1114 626 sermo

111 670 191 720 esset
204 658 357 720 institutus
375 671 480 720 senatu
500 658 600 733 missa,
616 678 706 737 quem
725 670 862 720 senatum
877 662 988 724 Caesar
1007 664 1114 724 consul

84 756 274 832 5habuisset,
292 754 444 834 reprendit
466 776 517 816 eas
541 770 587 816 res
612 775 686 834 quas
708 756 789 818 idem
811 759 922 820 Caesar
942 779 1023 821 anno
1046 771 1114 838 post
1126 784 1163 844 61

112 866 143 916 et
156 853 300 933 deinceps
314 853 434 933 reliquis
452 853 539 915 annis
557 853 822 916 administravisset
839 855 871 916 in
886 857 990 918 Gallia
1033 859 1114 919 Tum
1129 888 1175 941 ²¹9

114 955 225 1012 Brutus
245 951 414 1013 admirans:
443 953 613 1012 Tantamne
633 951 724 1013 fuisse
746 951 938 1028 oblivionem,
958 954 1063 1033 inquit,
1083 955 1114 1016 in

114 1049 225 1128 scripto
246 1048 426 1129 praesertim,
448 1059 481 1110 ut
501 1069 540 1110 ne
560 1051 662 1127 legens
681 1049 804 1127 quidem
826 1071 969 1129 umquam
991 1053 1115 1114 senserit

114 1159 261 1226 quantum
275 1146 366 1225 flagiti
380 1146 603 1208 commisisset?
644 1147 726 1224 Quid
740 1159 849 1221 autem,
865 1141 996 1228 inquam,
1013 1153 1113 1225 Brute,

64 1264 101 1300 «ιο
115 1245 234 1308 stultius
247 1264 348 1322 quam,
363 1243 387 1305 si
401 1263 438 1305 ea
450 1244 615 1323 vituperare
629 1245 749 1306 volebat
763 1265 840 1324 quae
853 1245 1037 1325 vituperavit,
1053 1268 1115 1309 non

116 1363 153 1404 eo
174 1355 309 1421 tempore
329 1341 483 1403 instituere
505 1361 683 1416 sermonem,
705 1363 775 1403 cum
797 1343 913 1404 illarum
935 1366 1032 1406 rerum
1056 1346 1115 1407 iam

116 1454 252 1520 tempora
273 1440 505 1520 praeterissent?
546 1442 606 1502 Sed
633 1440 686 1502 ita
699 1452 779 1503 totus
804 1453 933 1504 erratur
954 1443 985 1503 in
1006 1446 1115 1505 eodem

117 1560 255 1601 sermone
268 1539 349 1600 dicat
363 1538 394 1599 in
408 1550 545 1600 senatum
559 1558 591 1600 se
606 1540 734 1617 Caesare
750 1543 874 1602 consule
893 1561 955 1602 non
972 1543 1116 1603 accedere

117 1650 147 1700 et
162 1637 193 1698 id
206 1637 287 1698 dicat
301 1637 367 1715 ipso
377 1639 501 1698 consule
515 1635 616 1698 exiens
630 1657 647 1698 e
661 1649 775 1699 senatu.
811 1640 886 1713 Iam,
896 1638 948 1717 qui
963 1642 1020 1701 hac
1033 1651 1116 1718 parte

71 1752 102 1802 15
117 1735 218 1809 animi,
229 1755 307 1813 quae
317 1746 418 1796 custos
432 1745 478 1796 est
492 1734 770 1814 ceterarum-ingeni
784 1735 922 1814 partium,
933 1747 993 1796 tam
1008 1725 1116 1799 debilis

118 1844 197 1895 esset
213 1844 247 1894 ut
263 1853 302 1894 ne
319 1832 350 1893 in
372 1831 482 1911 scripto
499 1832 623 1909 quidem
643 1832 827 1895 meminisset
845 1833 919 1915 quid
937 1837 1028 1913 paulo
1046 1847 1116 1896 ante

117 1931 273 2010 posuisset,
284 1929 354 1991 huic
368 1929 492 1991 minime
506 1929 613 1990 mirum
625 1942 670 1992 est
681 1951 717 1992 ex
728 1942 862 2010 tempore
872 1931 984 1994 dicenti
999 1933 1116 1994 solitam

118 2031 238 2090 effluere
259 2039 399 2089 mentem.
443 2030 550 2107 Itaque
571 2048 641 2089 cum
666 2027 694 2090 ei
715 2049 772 2091 nec
794 2029 925 2091 officium
949 2033 1067 2092 deesset
1088 2042 1118 2092 et
1132 2055 1180 2092 κο

119 2129 253 2205 flagraret
273 2125 374 2187 studio
394 2124 526 2201 dicendi,
542 2146 709 2204 perpaucae
729 2128 769 2187 ad
789 2147 858 2189 eum
880 2149 987 2189 causae
1008 2131 1119 2191 desere

73 2239 107 2274 ²0
120 2225 236 2286 bantur.
280 2223 388 2285 Orator
407 2234 508 2285 autem
527 2223 601 2284 vivis
622 2223 686 2285 eius
707 2225 811 2285 ueratri
828 2225 1004 2304 aequalibus
1024 2227 1119 2305 proxi·

120 2341 187 2382 mus
208 2321 328 2399 optimis
348 2321 558 2381 numerabatur
578 2333 699 2400 propter
716 2311 874 2383 verborum
895 2322 1068 2397 bonitatem,
1085 2335 1119 2384 ut

119 2430 190 2480 ante
203 2418 271 2493 dixi,
288 2431 318 2480 et
332 2419 502 2498 expeditam
521 2440 556 2480 ac
573 2421 771 2497 profluentem
785 2421 918 2498 quodam
938 2422 1030 2482 modo
1044 2424 1119 2483 cele

120 2515 244 2578 ritatem
289 2520 395 2595 Itaque
416 2517 479 2578 eius
501 2517 649 2579 orationes
670 2517 856 2596 aspiciendas
877 2528 977 2578 tamen
999 2539 1117 2581 censeo.

121 2617 197 2675 Sunt
211 2615 278 2676 illae
289 2615 412 2692 quidem
426 2615 633 2692 languidiores,
644 2635 746 2675 verum
761 2628 862 2676 tamen
876 2628 1002 2693 possunt
1011 2636 1119 2695 augere

75 2727 105 2775 25
121 2723 161 2773 et⁴
176 2711 260 2790 quasi
284 2715 363 2774 alere
387 2713 419 2775 id
444 2714 558 2773 bonum
580 2713 663 2789 quod
685 2712 716 2772 in
741 2712 792 2773 illo
817 2711 1005 2774 mediocriter
1029 2713 1120 2775 fuisse

120 2810 333 2872 concedimus:
362 2813 444 2889 quod
468 2812 560 2871 habet
580 2820 693 2870 tantam
714 2809 775 2869 vim
796 2822 829 2870 ut
849 2812 947 2871 solum
969 2810 1033 2872 sine
1054 2811 1119 2872 aliis

121 2908 151 2967 in
180 2907 312 2970 Curione
339 2908 470 2986 speciem
498 2908 622 2969 oratoris
649 2907 773 2968 alicuius
802 2907 939 2969 effecerit.
993 2910 1053 2969 Sed
1080 2910 1119 2969 ad

121 3005 254 3066 instituta
274 3008 439 3067 redeamus.

156 3175 203 3222 1-4
214 3162 240 3210 in
252 3177 304 3224 quo
316 3198 322 3211 .
336 3198 343 3212 .
357 3198 364 3212 .
379 3164 457 3213 misso
467 3162 519 3212 secl.
530 3162 660 3212 Eberhard
724 3178 746 3224 a,
757 3177 773 3224 3
785 3163 974 3225 disputatioque
987 3197 1025 3212 ...
1040 3162 1119 3211 dialo-

121 3241 210 3287 gorum
227 3228 278 3277 aed.
298 3229 396 3291 Kayser
549 3231 565 3277 6
581 3222 767 3291 administravit
783 3225 815 3275 Μ
821 3245 828 3276 2
851 3227 1082 3277 administravisset
1100 3228 1123 3276 C

123 3305 151 3352 13
163 3291 313 3342 insenatum
323 3293 390 3343 codd.
403 3292 448 3342 det.
460 3309 466 3341 :
479 3292 506 3341 in
517 3302 609 3342 senatu
619 3292 643 3341 Ι,
711 3309 741 3355 14
752 3299 779 3341 et
789 3293 817 3344 id
828 3291 984 3342 Lambinus:
1001 3294 1047 3341 sed
1058 3293 1084 3342 id
1096 3294 1120 3343 L

123 3358 153 3404 16
169 3363 197 3404 ut
211 3374 245 3407 ne
258 3394 264 3407 .
277 3395 283 3409 .
298 3395 304 3408 .
318 3359 450 3421 posuisset
466 3358 519 3407 secl.
533 3358 662 3409 Eberhard
756 3373 790 3408 ao
806 3359 872 3408 vivis
886 3359 942 3408 eius
955 3359 1047 3406 aetatis
1061 3374 1116 3420 aeq.

122 3421 262 3473 Friedn'ch:
279 3424 346 3473 vivis
358 3425 414 3473 eius
425 3424 605 3485 aequalibusL
619 3423 682 3489 (secl.
692 3423 799 3488 Kayser)
812 3441 818 3473 ε
830 3420 850 3473 'a
859 3424 984 3486 temporis
995 3424 1051 3472 eius
1062 3438 1119 3485 aeq.

122 3485 244 3553 Madvr'gr
260 3490 340 3539 asuis
351 3505 407 3552 aeq.
420 3489 528 3539 Prdm't:
545 3491 611 3540 vivis
623 3493 699 3539 etiam
713 3505 770 3552 aeq.
782 3487 876 3553 Stangl
973 3502 1005 3551 ²5
1023 3487 1118 3538 medio·

122 3553 200 3602 criter
211 3553 249 3602 L:
267 3569 318 3603 non
330 3555 494 3605 mediocriter
508 3553 603 3621 Stangl
