2588 4178
531 236 696 295 BRVTVS
1069 235 1113 296 68
1128 259 1172 310 ²4¹

112 420 216 460 causas
234 400 354 473 diceret,
370 402 546 462 adulescens
563 412 607 461 est
623 401 823 462 mortuus—is
841 413 940 463 tamen
958 405 996 464 ad
1014 403 1114 465 dicen-

111 500 186 558 dum
197 497 335 559 veniebat
347 498 439 576 magis
450 500 591 559 audacter
601 520 691 577 quam
703 511 844 577 parate—
854 522 863 574 ;
880 511 910 560 et
919 502 953 562 C.
966 501 1111 573 Staienus,

111 595 163 672 qui
178 617 210 656 se
224 595 288 673 ipse
301 597 494 673 adoptaverat
508 608 538 656 et
552 598 590 657 de
605 595 726 656 Staieno
738 596 856 657 Aelium
871 599 988 670 fecerat,
999 599 1113 658 fervido

110 696 244 770 quodam
266 705 295 754 et
312 693 456 771 petulanti
478 705 507 753 et
524 694 636 754 furioso
655 714 762 772 genere
782 694 921 769 dicendi;
942 698 1025 772 quod
1042 696 1112 773 quia

80 811 94 858 5
110 790 212 851 multis
232 802 347 869 gratum
369 801 431 851 erat
451 803 481 850 et
499 791 688 868 probabatur,
708 790 890 852 ascendisset
911 795 950 852 ad
971 794 1108 864 honores,

109 887 167 946 nisi
191 886 222 947 in
244 888 374 948 facinore
399 887 557 948 manifesto
579 890 782 964 deprehensus
806 907 918 965 poenas
943 888 1057 965 legibus
1079 900 1110 949 et

109 984 222 1046 iudicio
246 985 386 1047 dedisset,
433 988 550 1046 Eodem
576 997 709 1063 tempore
730 987 764 1047 C.
789 989 822 1045 L.
846 987 984 1064 Caepasii
1007 989 1109 1048 fratres
1122 945 1171 1098 ᾖ,

108 1084 235 1156 fuerunt,
252 1083 304 1159 qui
324 1084 418 1143 multa
435 1102 534 1159 opera,
549 1083 642 1161 ignoti
656 1083 793 1144 homines
808 1096 838 1143 et
852 1083 1009 1161 repentini,
1023 1104 1114 1161 quae-

109 1194 203 1241 stores
226 1181 359 1241 celeriter
381 1180 451 1240 sacti
475 1193 552 1254 sunt,
573 1181 726 1259 oppidano
747 1183 880 1258 quodam
905 1193 934 1241 et
955 1178 1111 1242 incondito

64 1301 95 1335 10
109 1299 217 1356 genere
241 1277 371 1339 dicendi.
414 1279 572 1338 Addamus
597 1279 657 1338 huc
676 1265 780 1351 etiam,
802 1299 840 1339 ne
865 1299 955 1357 quem
976 1283 1111 1340 vocalem

109 1377 283 1453 praeterisse
302 1375 463 1448 videamur,
479 1376 514 1436 C.
534 1375 718 1437 Cosconium
738 1376 938 1451 Calidianum,
955 1377 1007 1454 qui
1029 1380 1111 1437 nullo

108 1475 248 1534 acumine
271 1495 337 1534 eam
361 1485 461 1533 tamen
482 1474 640 1534 verborum
663 1473 791 1550 copiam,
811 1473 836 1533 si
859 1493 949 1551 quam
971 1475 1109 1549 habebat,

109 1572 271 1648 praebebat
305 1574 418 1649 populo
452 1591 521 1630 cum
557 1573 651 1631 multa
684 1570 911 1631 concursatione
943 1592 1111 1649 magnoque

110 1672 248 1729 clamore.
292 1671 384 1745 Quod
403 1667 484 1729 idem
499 1668 627 1729 faciebat
642 1670 680 1744 Q.
693 1668 802 1743 Arrius,
816 1669 867 1746 qui
886 1669 940 1728 luit
955 1672 998 1729 M.
1012 1669 1111 1730 Crassi

64 1793 96 1843 15
111 1766 195 1843 quasi
212 1769 419 1827 secundarum.
465 1768 495 1825 Is
515 1767 655 1827 omnibus
674 1770 811 1844 exemplo
830 1768 920 1827 debet
938 1787 1003 1828 esse
1019 1787 1111 1844 quan-

109 1875 173 1924 tum
195 1864 226 1923 in
247 1866 305 1923 hac
325 1864 399 1924 urbe
419 1866 530 1941 polleat
549 1866 709 1924 multomm
731 1864 874 1925 oboedire
891 1864 1017 1942 tempori
1037 1867 1110 1923 mul·

108 1972 267 2038 torumque
281 1964 328 2020 vel
344 1961 451 2022 honori
470 1964 517 2021 vel
533 1960 665 2039 periculo
684 1961 799 2022 servire.
844 1962 902 2021 His
922 1962 1002 2022 enim
1020 1962 1109 2035 rebus
1124 1988 1171 2037 ²43

108 2059 213 2120 infimo
232 2062 299 2120 loco
320 2072 407 2120 natus
428 2072 457 2120 et
475 2063 604 2120 honores
625 2071 655 2120 et
673 2061 832 2138 pecuniam
851 2072 881 2121 et
899 2059 1022 2138 gratiam
1041 2081 1111 2120 con-

100 2166 228 2218 secutus
248 2158 336 2218 etiam
355 2157 386 2217 in
400 2157 698 2235 patronorum-sine
712 2158 856 2230 doctrina,
868 2157 935 2218 sine
949 2157 1111 2234 ingenio-

63 2287 96 2320 πο
108 2255 239 2333 aliquem
259 2276 416 2315 numerum
434 2267 614 2333 pervenerat.
659 2258 719 2317 Sed
735 2268 769 2315 ut
785 2256 899 2333 pugiles
918 2255 1108 2329 inexercitati,

109 2355 198 2414 etiam
214 2355 238 2414 si
252 2375 369 2433 pugnos
386 2366 416 2414 et
430 2358 531 2433 plagas
547 2355 755 2434 Olympiorum
770 2354 872 2432 cupidi
885 2356 960 2415 ferre
974 2366 1111 2432 possunt,

108 2455 201 2512 solem
216 2463 317 2513 tamen
334 2471 422 2528 saepe
439 2455 512 2513 ferre
526 2473 588 2513 non
603 2463 737 2529 possunt,
750 2451 792 2512 sic
806 2452 855 2512 ille
869 2471 937 2512 curn
953 2450 1035 2510 omni
1050 2451 1108 2510 iam

107 2551 384 2627 fortuna'prospere
404 2552 525 2610 functus
543 2551 659 2610 labores
679 2549 768 2609 etiam
792 2570 915 2627 magnos
935 2549 1108 2626 excepisset,

107 2647 185 2706 illius
199 2647 344 2708 iudicialis
358 2647 431 2707 anni
445 2648 631 2708 severitatem
646 2647 731 2724 quasi
746 2650 839 2708 solem
854 2668 915 2706 non
930 2647 1005 2706 tulit.

64 2773 93 2822 25
148 2749 228 2805 Turn
244 2745 378 2804 Atticus:
400 2747 449 2804 Tu
468 2746 590 2822 quidem
612 2742 759 2818 de'faece,
775 2744 880 2822 inquit,
898 2745 997 2803 hauris
1016 2743 1108 2820 idque
1123 2769 1170 2817 ²44

107 2843 165 2903 iam
182 2846 309 2917 dudum,
323 2845 375 2903 sed
391 2844 546 2917 tacebam,
566 2844 625 2903 hoc
639 2864 708 2903 vero
726 2863 787 2903 non
801 2844 953 2920 putabam,
969 2853 998 2902 te
1013 2862 1108 2919 usque

106 2943 145 3000 ad
172 2941 308 3001 Staienos
333 2954 363 3000 et
382 2941 545 3001 Autronios
570 2961 635 3001 esse
659 2951 825 3000 venturum.
872 2942 943 3000 Non
964 2951 1045 3016 puto,
1067 2939 1108 2998 in-

107 3046 205 3116 quam,
221 3038 387 3098 existimare
402 3049 432 3097 te
448 3037 613 3099 ambitione
632 3058 680 3099 me
698 3037 765 3110 labi,
782 3037 893 3115 quippe
907 3039 946 3098 de
966 3037 1108 3110 mortuis;
1210 3067 1214 3076 ‚

107 3139 160 3197 sed
185 3136 322 3196 ordinem
351 3156 479 3213 sequens
508 3136 539 3195 in
568 3135 742 3196 memoriam
771 3146 874 3197 notam
899 3145 928 3194 et
951 3137 1107 3212 aequalem

62 3265 91 3314 30
106 3234 274 3295 necessario
303 3233 429 3294 incurro.
472 3237 552 3295 Volo
582 3245 682 3294 autem
712 3236 785 3303 hoc
801 3233 936 3311 perspici,
967 3233 1107 3293 omnibus

106 3331 288 3409 conquisitis,
314 3331 365 3409 qui
390 3331 421 3390 in
446 3333 637 3393 multitudine
661 3332 760 3393 dicere
784 3332 849 3391 ausi
872 3332 938 3404 sint,
963 3329 1107 3390 memoria

106 3430 229 3507 quidem
265 3430 370 3508 dignos
401 3451 577 3509 perpaucoS,
596 3424 712 3491 'verum
748 3430 800 3508 qui
836 3429 960 3490 omnino
995 3447 1106 3488 nomen

142 3589 171 3634 16
188 3587 325 3637 multorum
343 3588 394 3636 secl.
418 3588 509 3637 Gruter
605 3603 636 3650 32
654 3588 775 3650 indignos
794 3585 880 3635 BHM
943 3600 1032 3635 verum
1051 3584 1103 3632 secl.

106 3651 214 3716 Madvig
277 3653 359 3702 videri
372 3654 464 3702 maluit
474 3653 570 3717 Stangl
