2588 4178
562 194 727 256 BRVTVS
1102 203 1145 268 79
1160 211 1210 267 an

142 385 234 444 quam
248 363 312 426 eius
325 363 476 426 actionem
496 365 624 424 multum
644 374 745 422 tamen
764 373 794 422 et
813 359 971 440 splendida
984 371 1014 420 et
1027 359 1146 437 grandis

142 474 172 524 et
186 465 293 524 eadem
308 461 338 523 in
351 445 455 541 primis
469 462 566 522 faceta
579 472 609 521 et
623 459 791 538 perurbana
798 458 1031 520 commendabat
1042 457 1144 518 oratio.

143 561 256 621 Graves
280 560 344 621 eius
368 558 526 621 contiones
547 557 662 636 aliquot
686 559 814 630 suerunt,
837 576 919 617 acres
940 554 1146 639 accusationes

142 669 202 718 tres
221 677 335 736 eaeque
355 676 461 718 omnes
479 676 517 717 ex
537 655 579 717 rei
600 655 739 735 publicae
758 653 953 715 contentione
970 665 1146 731 susceptae3

112 747 342 827 5deiensiones,
365 753 421 815 etsi
450 752 501 814 illa
528 764 611 814 erant
633 751 664 812 in
687 771 725 812 eo
749 750 872 812 meliora
892 771 969 828 quae
990 749 1060 822 dixi,
1083 769 1145 810 non

142 852 384 913 contemnendae
398 863 500 912 tamen
514 869 646 928 saneque
661 847 836 910 tolerabiles.
869 848 930 909 Hic
944 867 1014 909 cum
1028 867 1146 908 summa

142 952 297 1011 voluntate
319 950 467 1010 bonorum
487 947 594 1009 aedilis
613 945 723 1008 curulis
744 947 839 1007 lactus
860 957 946 1019 esset,
961 944 1063 1006 nescio
1084 965 1146 1023 quo

143 1049 237 1108 modo
251 1046 385 1108 discessu
400 1065 469 1107 meo
483 1044 649 1107 discessita
662 1064 728 1105 sese
742 1042 920 1121 ceciditque,
935 1054 1145 1120 posteaquam

143 1164 196 1204 eos
210 1143 318 1205 imitari
332 1143 434 1222 coepit
442 1162 519 1220 quos
533 1142 597 1220 ipse
610 1153 796 1221 perverterat.
841 1140 900 1201 Sed
915 1142 954 1202 de
969 1142 1012 1200 M.
1026 1138 1145 1202 Calidio
1160 1149 1209 1203 ²74

99 1259 131 1296 ιο
143 1241 280 1302 dicamus
301 1240 423 1318 aliquid,
439 1239 491 1318 qui
508 1259 570 1300 non
591 1238 647 1299 luit
667 1250 765 1300 orator
786 1257 863 1299 unus
881 1258 899 1298 e
920 1237 1028 1311 multis,
1047 1236 1146 1315 potius

143 1340 221 1400 inter
241 1342 351 1400 multos
372 1358 466 1417 prope
487 1337 643 1416 singularis
667 1336 739 1397 suit:
769 1336 809 1398 ita
831 1335 999 1397 reconditas
1022 1334 1147 1413 exquisi-

143 1449 249 1513 tasque
263 1435 425 1497 sententias
440 1434 538 1496 mollis
552 1446 583 1495 et
596 1436 753 1513 perlucens
766 1433 911 1496 vestiebat
925 1432 1027 1494 oratio.
1062 1431 1146 1493 Nihil

55 1529 58 1535 ’
144 1546 205 1594 tam
227 1545 362 1595 tenerum
384 1553 475 1612 quam
496 1531 574 1593 illius
595 1530 784 1611 comprensio
802 1532 968 1602 verborum,
990 1529 1063 1590 nihil
1084 1543 1145 1590 tam

143 1630 281 1704 flexibile,
310 1630 385 1691 nihil
413 1631 496 1709 quod
524 1629 618 1708 magis
645 1628 738 1708 ipsius
766 1627 888 1689 arbitrio
917 1630 1083 1706 fingeretur,
1113 1640 1146 1688 ut

100 1743 128 1794 ¹⁵
143 1727 254 1789 nullius
268 1728 392 1789 oratoris
405 1747 502 1805 aeque
515 1727 547 1787 in
566 1738 713 1805 potestate
734 1725 841 1787 suerit:
869 1746 947 1804 quae
961 1724 1090 1803 primum
1104 1724 1146 1785 ita

144 1847 220 1906 pura
240 1837 302 1886 erat
317 1837 349 1887 ut
371 1825 445 1886 nihil
466 1824 617 1904 liquidius,
634 1824 678 1886 ita
698 1824 790 1885 libere
810 1824 922 1885 fluebat
943 1835 976 1884 ut
996 1843 1145 1901 nusquam

142 1925 386 1997 adhaeresceret3
402 1925 519 1983 nullum
533 1922 591 1984 nisi
604 1925 673 1984 loco
686 1921 818 2001 positum
832 1934 862 1982 et
876 1933 1029 2000 tamquam
1043 1921 1075 1980 in
1085 1941 1146 1983 ver·

143 2021 287 2082 miculato
318 2021 507 2094 emblemate,
537 2032 570 2081 ut
599 2020 641 2081 ait
671 2019 813 2095 Lucilius,
846 2031 991 2081 structum
1021 2019 1145 2080 verbum

143 2118 278 2193 videres;
298 2132 359 2178 'nec
372 2138 443 2179 vero
457 2120 551 2179 ullum
564 2130 616 2179 aut
630 2120 738 2180 durum
752 2130 804 2178 aut
817 2116 949 2178 insolens
962 2129 1014 2177 aut
1032 2117 1146 2178 humile

99 2213 132 2270 πό
143 2226 196 2276 aut
216 2213 274 2297 [in]
294 2215 413 2294 longius
429 2216 575 2291 ductum;
602 2236 638 2276 ac
658 2236 720 2277 non
739 2214 857 2294 propria
870 2216 960 2276 verba
976 2234 1074 2275 rerum
1091 2217 1145 2276 sed

144 2316 287 2393 pleraque
300 2315 449 2386 translata,
465 2312 508 2374 sic
522 2325 623 2374 tamen
644 2325 678 2374 ut
694 2333 730 2374 ea
749 2333 810 2374 non
829 2311 955 2373 inruisse
968 2311 1000 2371 in
1013 2312 1145 2373 alienum

143 2399 247 2471 locum¹
273 2411 327 2470 sed
351 2408 534 2488 immigrasse
561 2409 593 2470 in
620 2430 708 2471 suum
735 2409 869 2479 diceres;
898 2429 955 2471 nec
976 2430 1047 2471 vero
1071 2411 1146 2471 haec

144 2509 243 2568 soluta
263 2527 320 2568 nec
339 2507 504 2569 diffluentia
521 2509 575 2568 sed
593 2507 712 2569 astricta
730 2507 869 2581 numeris,
890 2527 952 2568 non
969 2518 1071 2585 aperte
1089 2528 1146 2570 nec

144 2603 253 2662 eodem
273 2602 367 2661 modo
388 2621 505 2679 semper
526 2604 579 2662 sed
593 2601 673 2662 varie
689 2600 969 2679 dissimulanterque
986 2600 1143 2662 conclusis

98 2718 128 2770 ²5
145 2700 239 2758 Erant
252 2710 353 2758 autem
368 2710 398 2759 et
412 2699 570 2759 verborum
589 2710 620 2760 et
638 2697 851 2760 sententiarum
862 2697 920 2758 ‘illa
933 2696 1047 2758 lumina
1067 2718 1145 2776 quae
1160 2721 1208 2774 ιη

143 2806 252 2856 vocant
281 2795 387 2857 Graeci
419 2797 563 2876 σχήματα,
592 2795 702 2874 quibus
734 2806 887 2873 tamquam
918 2793 1083 2873 insignibus
1113 2788 1165 2856 in*

144 2904 250 2952 ornatu
274 2891 512 2970 distinguebatur
535 2893 634 2954 omnis
655 2892 759 2955 oratio.
802 2894 873 2969 Qvn
894 2909 937 2952 na
961 2910 1004 2951 aa
1027 2909 1145 2952 narrva

144 3002 245 3051 autem
267 2989 340 3051 illud
363 2992 446 3068 quod
466 2990 567 3051 multis
590 2989 663 3052 locis
684 2989 715 3051 in
736 2989 807 3051 iuris
827 2991 1031 3050 consultorum
1053 2989 1145 3050 inclu-

144 3086 224 3148 ditur
237 3086 379 3160 lormulis‚
395 3086 427 3148 id
441 3087 493 3149 ubi
508 3101 586 3151 esset
599 3087 727 3148 videbat
770 3087 944 3149 Accedebat
957 3089 1033 3153 ordo
1046 3107 1144 3148 rerum

97 3210 132 3261 30
145 3186 251 3263 plenus
271 3182 350 3257 artis,
371 3184 450 3246 actio
471 3184 599 3246 liberalis
619 3196 777 3263 totumque
796 3184 918 3247 dicendi
938 3184 1090 3264 placidum
1115 3196 1145 3244 et

147 3301 255 3342 sanum
276 3301 378 3358 genus.
422 3284 516 3359 Quod
529 3283 554 3343 si
574 3295 620 3343 est
634 3276 781 3360 optimum
799 3282 930 3344 suaviter
947 3282 1055 3353 dicere,
1071 3281 1145 3342 nihil

144 3391 190 3439 est
204 3380 287 3455 quod
304 3378 410 3449 melius
430 3381 489 3442 hoc
506 3381 711 3458 quaerendum
729 3390 824 3458 putes.
867 3381 927 3441 Sed
941 3399 1043 3441 cuma
1056 3377 1144 3440 nobis

180 3546 192 3580 1
212 3531 352 3582 dictionem
371 3534 462 3583 malm't
478 3533 583 3584 Martha
701 3566 704 3572 ι
749 3549 780 3597 ¹9
796 3536 876 3586 ullum
892 3535 982 3599 vulg:
1006 3535 1144 3584 nulluml.

145 3613 180 3650 ao
196 3598 224 3647 ia
236 3603 295 3646 ante
305 3599 408 3662 longius
418 3600 471 3652 secl.
482 3599 552 3665 vulg.
654 3615 688 3666 29
703 3600 730 3652 ld
743 3599 881 3660 Comedus:
897 3607 923 3652 et
940 3601 963 3650 L

180 3692 230 3731 erc.
243 3694 320 3731 aava.
1062 3683 1080 3732 t
