2588 4178
111 219 175 279 519
422 206 464 262 u.
488 205 615 262 Tuum
638 203 870 264 cicuuorus

144 371 332 450 accepimus:
355 371 457 448 eisque
474 382 592 432 nosmet
611 371 668 449 ipsi
682 373 721 432 ad
735 391 832 431 rerum
851 383 1017 431 nostrarum
1032 391 1144 431 memo-

145 470 218 528 riam
234 470 548 547 comprehendendam
563 468 683 544 impulsi
697 480 787 545 atque
802 468 916 527 incensi
930 488 1041 527 sumus
1084 470 1143 528 Sed

100 595 132 630 πο
145 567 202 638 illa,
220 587 288 625 cum
310 565 420 642 poteris
430 587 438 640 3
459 577 549 642 atque
568 576 600 624 ut
619 565 724 643 possis,
739 584 830 642 rogo;
848 585 928 624 nunc
943 585 1021 638 vero,
1038 564 1142 641 inquit,

144 664 168 723 si
191 683 222 723 es
241 663 342 723 animo
361 682 466 736 vacu0,
480 683 596 741 expone
617 662 704 722 nobis
726 664 808 738 quod
830 662 1008 739 quaerimus.
1051 662 1145 738 Quid-

144 781 213 820 nam
234 761 348 821 estid?
369 761 500 837 inquam.
545 761 637 835 Quod
656 759 729 818 mihi
749 780 844 836 nuper
862 759 893 818 in
911 762 1083 819 Tusculano
1103 759 1171 828 in-5

143 858 288 918 cohavisti
309 860 348 918 de
369 857 543 930 oratoribus,
560 859 682 934 quando
704 877 768 916 esse
789 856 967 933 coepissent,
983 856 1035 933 qui
1054 856 1143 915 etiam

144 967 173 1016 et
193 958 295 1032 quales
312 955 444 1015 fuissent.
489 958 588 1030 Quem
610 974 666 1030 ego
685 973 853 1013 sermonem
875 974 944 1013 cum
963 956 1002 1013 ad
1018 957 1142 1012 Brutum

144 1065 228 1112 tuum
238 1055 286 1112 vel
301 1064 435 1112 nostrum
451 1051 551 1128 potius
562 1051 744 1122 detulissem,
756 1071 865 1128 magno
877 1072 967 1128 opere
982 1051 1030 1109 hic
1041 1050 1145 1110 audire

143 1170 175 1211 se
190 1153 264 1211 velle
279 1150 360 1210 dixit.
398 1152 505 1226 Itaque
520 1151 601 1208 hunc
616 1148 758 1226 elegimus
773 1148 862 1221 diem,
874 1170 942 1208 cum
958 1161 987 1208 te
1001 1149 1143 1208 sciremus

143 1268 208 1308 esse
223 1267 359 1307 vacuum.
403 1250 525 1323 Quare,
542 1247 566 1306 si
581 1246 634 1306 tibi
649 1257 693 1306 est
709 1248 912 1319 commodum,
929 1248 985 1306 ede
1003 1246 1052 1305 illa
1067 1266 1144 1323 quae
1160 1271 1189 1302 ro

99 1371 127 1406 π
143 1366 284 1423 coeperas
302 1356 331 1405 et
347 1348 439 1404 Bruto
459 1356 488 1404 et
508 1344 590 1403 mihi.
635 1347 700 1421 Ego
719 1364 797 1416 ver0,
814 1344 947 1420 inquam,
962 1343 986 1403 si
1008 1355 1142 1420 potuer0,

143 1445 250 1503 faciam
273 1443 358 1502 vobis
384 1442 463 1502 satis,
507 1441 629 1514 Poteris,
649 1440 763 1519 inquit:
785 1444 883 1501 relaxa
905 1443 998 1501 modo
1021 1444 1143 1518 paulum

143 1541 276 1600 animum
297 1553 349 1601 aut
368 1560 449 1614 sane,
465 1539 489 1599 si
508 1551 602 1617 potes,
620 1539 720 1600 libera.

184 1640 303 1715 Nempe
332 1638 419 1715 igitur
448 1637 518 1696 hinc
546 1650 618 1710 tum,
644 1636 804 1714 Pomponi,
826 1639 934 1697 ductus
964 1647 1008 1696 est
1036 1655 1141 1707 serm0,

144 1738 226 1812 quod
248 1748 309 1795 erat
329 1756 347 1794 a
372 1755 420 1794 me
446 1734 559 1795 mentio
582 1736 660 1794 sacta
682 1754 802 1794 causam
826 1733 959 1794 Deiotari
980 1733 1144 1792 fidelissimi
1161 1759 1188 1807 15

144 1845 235 1909 atque
254 1833 360 1910 optimi
377 1833 452 1909 regis
470 1832 656 1892 ornatissime
676 1843 704 1892 et
724 1832 929 1909 copiosissime
948 1851 965 1890 a
984 1834 1077 1890 Bruto
1096 1851 1145 1890 me

110 1924 263 1993 6audisse
280 1933 443 1991 defensam.
487 1929 563 2002 Scio,
580 1929 687 2007 inquit,
701 1930 740 1989 ab
757 1930 814 1989 isto
834 1929 918 1988 initio
936 1941 1062 1988 tractum
1080 1948 1144 1988 esse

145 2048 313 2088 sermonem
331 2039 420 2104 teque
436 2027 519 2086 Bruti
536 2029 689 2087 dolentem
709 2027 804 2086 vicem
825 2026 909 2103 quasi
929 2026 1085 2086 deflevisse
1104 2025 1145 2086 iu-

144 2125 472 2185 diciorumvastitatem
488 2135 518 2185 et
531 2123 596 2185 fori.
639 2124 717 2197 Feci,
733 2125 866 2201 inquam,
882 2124 958 2183 istuc
973 2124 1095 2200 quidem
1116 2135 1145 2183 et

99 2249 129 2284 22
145 2244 234 2301 saepe
257 2224 344 2283 facio.
387 2225 466 2282 Nam
492 2221 573 2294 mihi,
598 2225 697 2294 Brute,
722 2222 752 2281 in
776 2233 805 2281 te
830 2221 957 2281 intuenti
985 2221 1089 2281 crebro
1113 2221 1144 2280 in
1159 2249 1190 2281 20

146 2333 277 2381 mentem
297 2319 377 2380 venit
396 2319 496 2391 vereri,
518 2321 707 2396 ecquodnam
729 2319 907 2378 curriculum
926 2319 1088 2395 aliquando
1108 2318 1145 2378 sit

144 2419 282 2479 habitura
301 2431 352 2478 tua
371 2429 401 2476 et
420 2428 525 2475 natura
545 2416 728 2475 admirabilis
748 2427 778 2475 et
797 2416 942 2493 exquisita
960 2417 1097 2476 doctrina
1115 2428 1145 2477 et

146 2516 300 2594 singularis
315 2513 468 2575 industria.
512 2515 590 2574 Cum
608 2513 688 2573 enim
707 2513 737 2572 in
753 2512 887 2573 maximis
902 2513 999 2574 causis
1014 2527 1145 2574 versatus

147 2634 227 2675 esses
243 2626 272 2673 et
287 2633 356 2673 cum
369 2612 422 2672 tibi
436 2623 517 2671 aetas
533 2623 633 2672 nostra
647 2612 706 2671 iam
722 2613 840 2672 cederet
851 2612 1000 2688 fascisque
1014 2612 1146 2673 summit-

144 2724 227 2785 teret,
249 2711 348 2771 subito
368 2708 539 2783 incivitate
558 2730 628 2769 cum
648 2710 706 2769 alia
724 2709 899 2769 ceciderunt
918 2722 981 2768 tum
1001 2711 1090 2770 etiam
1110 2731 1146 2770 ea
1160 2737 1189 2784 25

99 2831 129 2879 23
144 2810 216 2888 ipsa,
233 2811 271 2868 de
286 2829 346 2885 qua
360 2806 512 2884 disputare
526 2806 668 2880 ordimur,
685 2806 856 2883 eloquentia
870 2807 1027 2867 obmutuit.
1065 2810 1144 2867 Tum

143 2907 192 2966 ille
200 2906 210 2965 ἐ
246 2908 418 2967 Ceterarum
447 2924 545 2964 rerum
577 2925 674 2977 causa,
703 2904 808 2981 inquit,
835 2904 911 2964 istuc
939 2916 969 2965 et
999 2907 1089 2966 doleo
1116 2917 1146 2965 et

143 3005 308 3066 dolendum
337 3014 430 3080 put0;
459 3002 581 3063 dicendi
608 3014 709 3061 autem
732 3022 781 3061 me
809 3021 871 3060 non
894 3012 955 3060 tam
980 3003 1092 3062 fructus
1116 3015 1146 3062 et

142 3101 236 3180 gloria
256 3121 347 3177 quam
370 3100 502 3160 studium
522 3100 620 3177 ipsum
640 3097 870 3174 exercitatioque
892 3101 1040 3159 delectat:
1063 3103 1146 3177 quod

144 3197 217 3262 mihi
246 3199 328 3257 nulla
355 3218 401 3258 res
429 3197 532 3274 eripiet
561 3209 590 3256 te
618 3194 789 3274 praesertim
822 3208 882 3256 tam
914 3197 1049 3258 studioso
1077 3199 1145 3259 mei.
1160 3229 1192 3276 30

72 3397 74 3401 Α
177 3346 240 3394 1ad
260 3360 347 3394 rerum
368 3352 511 3392 nostrarum
535 3344 693 3392 Lambinus:
721 3344 753 3392 ad
775 3351 891 3392 veterum
914 3345 1042 3393 annalium
1069 3345 1150 3394 Victor

142 3411 269 3460 Pisanus:
288 3412 320 3459 ad
331 3426 412 3458 rerum
426 3410 576 3457 naturalium
589 3409 610 3456 L
623 3427 629 3457 :
646 3410 679 3456 ad
689 3416 803 3472 veterum
814 3425 899 3456 rerum
909 3417 1051 3458 nostrarum
1061 3412 1130 3475 vulg.
1141 3431 1147 3461 ε

142 3478 174 3525 ad
187 3493 210 3525 ν,
225 3493 244 3524 r.
257 3476 407 3524 nostratium
419 3475 544 3523 Baehrens
629 3491 658 3535 13
673 3475 836 3522 sauecoid.:
854 3475 930 3536 plane
945 3474 1035 3522 Wetzel
1117 3479 1146 3524 18

142 3540 403 3604 quasisrc1.Stungl:
426 3541 539 3601 graviter
556 3540 648 3588 maluit
658 3539 789 3586 Eberhard
885 3556 914 3587 21
933 3543 1092 3602 ecquodnam
1106 3543 1146 3591 0:

142 3614 169 3656 et
189 3608 318 3670 quodnam
330 3607 356 3653 F
364 3624 370 3654 τ
387 3606 517 3666 quodnam
529 3606 597 3669 vulg.
669 3621 702 3666 30
719 3620 761 3654 res
772 3603 841 3654 codd.
853 3623 859 3653 ε
876 3608 914 3654 vis
926 3607 953 3655 C.
961 3607 991 3656 F.
1003 3607 1042 3655 W.
1053 3606 1149 3655 Maller

141 3675 258 3722 studioso
271 3673 320 3721 mei
332 3671 476 3735 Margraff:
496 3672 640 3720 studiosum
654 3678 680 3719 et
697 3670 738 3718 L:
755 3672 870 3720 studioso
885 3671 971 3721 coda:
988 3672 1103 3722 studioso
1120 3681 1146 3722 et
