2588 4178
98 217 142 264 ao
157 213 188 277 78
401 204 444 263 M.
467 205 595 264 TVLLI
618 204 851 267 CICERONIS

155 372 282 433 faciente
304 393 371 433 cum
394 374 547 450 Thyesten
568 373 700 433 fabulam
721 373 882 448 docuisset,
906 375 942 450 Q.
962 373 1077 433 Marcio
1099 375 1155 436 Cn.

110 498 140 550 79
155 470 278 531 Servilio
305 471 478 531 consulibus
512 484 638 531 mortem
671 471 746 532 obiit
780 472 904 532 Ennius.
962 475 1032 532 Erat
1061 473 1157 532 isdem

155 568 340 646 temporibus
363 568 409 628 Ti.
434 571 587 629 Gracchus
609 572 641 628 P.
666 572 707 642 F,
730 568 781 646 qui
803 569 849 629 bis
874 572 979 631 consul
1001 581 1030 630 et
1051 590 1158 630 censor

155 666 217 740 luit,
240 666 325 727 euius
346 678 391 727 est
412 666 506 726 oratio
528 669 642 727 Graeca
663 668 744 744 apud
767 667 904 727 Rhodios
915 689 923 741 ;
947 687 1038 744 quem
1060 667 1156 726 civem

155 784 224 824 cum
253 784 372 842 gravem
400 775 464 823 turn
492 763 581 823 etiam
610 766 802 841 eloquentem
835 774 952 824 constat
979 765 1077 825 fuisse.
1123 767 1185 833 P.5

154 861 243 922 etiam
267 861 438 938 Scipionem
464 861 614 932 Nasicam,
640 859 692 939 qui
720 872 765 921 est
789 863 952 923 Corculum
979 865 1155 940 appellatus,

153 959 205 1036 qui
233 959 304 1019 item
330 959 376 1018 bis
399 961 503 1019 consul
531 970 561 1019 et
585 979 691 1019 censor
713 959 776 1032 fuit,
800 959 935 1019 habitum
963 963 1156 1037 eloquentem

153 1057 244 1130 aiunt,
261 1057 339 1116 illius
348 1056 400 1133 qui
416 1076 498 1116 sacra
511 1056 660 1134 acceperit
674 1042 787 1131 filium3
808 1056 913 1116 dicunt
927 1057 1017 1117 etiarn
1033 1061 1066 1116 L.
1080 1061 1157 1118 Len·

153 1153 258 1223 tulum,
282 1150 334 1227 qui
361 1171 430 1210 curn
460 1151 493 1211 C.
519 1151 624 1227 Figulo
652 1153 757 1211 consul
785 1151 848 1210 suit.
902 1153 940 1227 Q.
967 1151 1155 1212 Nobiliorem

155 1250 197 1306 M.
216 1251 247 1307 F.
263 1248 322 1307 iam
345 1247 440 1324 patrio
461 1247 597 1307 instituto
618 1247 754 1308 deditum
776 1248 876 1308 studio
899 1249 1155 1326 litterarum—qui
1172 1268 1203 1305 10

152 1345 243 1405 etiam
267 1347 305 1420 Q.
329 1345 469 1418 Ennium,
494 1344 546 1422 qui
570 1364 640 1404 curn
662 1357 746 1422 patre
768 1345 831 1405 eius
855 1345 887 1414 in
908 1347 1027 1407 Aetolia
1052 1347 1157 1406 milita-

153 1455 241 1514 verat,
258 1442 376 1503 civitate
391 1442 521 1515 donavit,
537 1463 606 1503 curn
627 1442 760 1502 triumvir
773 1443 922 1504 coloniam
942 1445 1157 1506 deduxisset—

152 1551 182 1600 et
196 1543 231 1600 T.
248 1540 382 1600 Annium
405 1542 536 1600 Luscum
558 1539 646 1599 huius
668 1542 707 1615 Q.
723 1540 809 1600 Fulvi
829 1544 984 1619 conlegam
1004 1563 1066 1603 non
1081 1543 1157 1604 indi-

106 1653 139 1700 80
152 1649 263 1698 sertum
278 1637 383 1698 dicunt
398 1636 506 1712 fuisse;
533 1649 623 1714 atque
638 1637 727 1697 etiarn
743 1640 776 1696 L.
794 1640 914 1698 Paullus
926 1639 1057 1699 Africani
1072 1653 1156 1718 pater

153 1756 310 1814 personam
333 1734 474 1813 principis
495 1735 567 1794 civis
588 1735 674 1795 sacile
691 1735 822 1795 dicendo
841 1737 986 1796 tuebatur.
1031 1741 1070 1797 Et
1084 1759 1155 1799 vero
1171 1756 1201 1808 15

152 1832 242 1894 etiam
254 1846 317 1893 tum
333 1835 450 1895 Catone
461 1832 536 1906 vivo,
550 1831 601 1910 qui
611 1852 707 1893 annos
718 1832 852 1910 quinque
861 1845 891 1894 et
905 1835 1057 1912 octoginta
1068 1848 1155 1897 natus

152 1931 277 1991 excessit
291 1952 308 1991 e
322 1930 389 2004 vita,
400 1950 469 1990 cum
484 1929 607 2007 quidem
619 1949 656 1990 eo
670 1929 736 2007 ipso
746 1950 827 1991 anno
838 1944 942 1991 contra
953 1934 1012 1992 Ser.
1026 1935 1155 1994 Galbam

106 2091 125 2133 2
152 2032 191 2090 ad
207 2031 351 2107 populum
363 2049 480 2089 summa
493 2027 687 2089 contentione
701 2028 830 2102 dixisset,
841 2047 931 2106 quam
946 2030 1035 2090 etiarn
1050 2031 1156 2091 oratio

107 2093 139 2216 εἰ
152 2143 221 2182 nem
237 2122 377 2200 scriptam
392 2121 605 2199 reliquit—sed
619 2121 687 2181 vivo
701 2123 818 2183 Catone
833 2122 962 2182 minores
981 2136 1053 2183 natu
1068 2124 1154 2184 multi

151 2241 213 2280 uno
228 2232 362 2298 ternpore
375 2231 506 2280 oratores
521 2220 691 2279 floruerunt.
721 2221 750 2278 N
752 2239 800 2278 am
815 2230 847 2280 et
859 2221 896 2279 A.
908 2220 1045 2295 Albinus,
1062 2221 1087 2282 is
1101 2223 1153 2299 qui
1168 2245 1201 2281 πο

151 2321 265 2379 Graece
280 2316 395 2396 scripsit
409 2316 570 2389 historiam,
584 2315 635 2393 qui
654 2318 759 2376 consul
773 2337 843 2377 cum
858 2320 891 2377 L.
903 2321 1030 2380 Lucullo
1044 2320 1107 2393 suit,
1124 2336 1154 2381 et

151 2416 294 2476 litteratus
309 2427 339 2475 et
350 2415 477 2475 disertus
491 2414 564 2489 fuit3
585 2426 615 2475 et
626 2414 720 2475 tenuit
731 2434 800 2475 cum
816 2417 875 2476 hoc
889 2419 989 2477 locum
1000 2421 1153 2495 quendam

150 2513 240 2574 etiarn
269 2515 329 2573 Ser.
357 2512 479 2573 Fulvius
502 2524 532 2573 et
555 2532 614 2572 una
637 2514 697 2573 Ser.
725 2512 834 2573 Fabius
858 2514 958 2575 Pictor
980 2527 1011 2576 et
1032 2515 1102 2575 iuris
1124 2530 1154 2576 et

152 2610 313 2671 litterarum
332 2622 362 2670 et
378 2610 563 2687 antiquitatis
582 2612 660 2671 bene
679 2610 808 2688 peritus3
830 2611 1021 2690 Quintusque
1042 2614 1152 2675 Fabius

152 2711 255 2770 Labeo
266 2709 320 2769 suit
334 2721 455 2770 omatus
469 2708 564 2792 isdem
574 2710 634 2769 lere
649 2707 795 2768 laudibus.
825 2710 905 2768 Nam
917 2710 954 2784 Q.
967 2713 1116 2784 Metellus,
1128 2712 1152 2773 is
1167 2731 1180 2766 2
1184 2732 1198 2782 5

150 2807 235 2867 cuius
256 2819 396 2884 quattuor
410 2806 461 2866 filii
479 2809 648 2876 consulares
663 2809 790 2880 suerunt,
806 2806 837 2866 in
854 2807 956 2886 primis
971 2821 1015 2869 est
1032 2810 1152 2871 habitus

150 2907 303 2982 eloquens,
320 2904 371 2982 qui
388 2924 443 2981 pro
458 2907 491 2963 L.
509 2905 598 2966 Cotta
618 2903 692 2965 dixit
708 2917 868 2965 accusante
887 2905 1047 2983 Africano,
1067 2909 1152 2969 cuius

150 3012 180 3060 et
194 3000 269 3060 aliae
289 3012 358 3060 sunt
375 2999 524 3060 orationes
543 3012 573 3061 et
587 3012 691 3061 contra
708 3000 753 3060 Ti.
771 3003 940 3062 Gracchum
960 3005 1094 3082 exposita
1107 3017 1152 3066 est

104 3103 135 3149 82
150 3098 181 3157 in
203 3100 237 3160 C.
262 3097 357 3158 Fanni
378 3097 544 3158 annalibus.
586 3100 666 3158 Tum
689 3098 752 3176 ipse
774 3102 808 3159 L.
831 3101 921 3161 Cotta
942 3113 986 3161 est
1007 3114 1153 3164 veterator

149 3195 269 3257 habitus
279 3197 382 3269 ;—sed
407 3196 442 3256 C.
469 3195 587 3255 Laelius
611 3207 642 3257 et
666 3199 698 3256 P.
724 3196 881 3257 Africanus
909 3197 940 3257 in
968 3199 1069 3276 primis
1093 3205 1153 3263 elo·
1167 3219 1200 3269 30

182 3351 199 3399 8
214 3350 313 3412 accepit
331 3349 423 3399 maluit
436 3347 537 3414 Suara,
552 3352 597 3415 qui
610 3357 633 3400 et
645 3352 738 3401 Idaeae
758 3354 846 3401 matris
866 3367 938 3403 sacra
950 3353 1023 3402 taber
1122 3372 1153 3405 10

150 3417 233 3479 patrio
257 3416 340 3479 oulen
370 3423 444 3478 patre
466 3414 489 3462 L
590 3433 620 3464 12
637 3419 754 3466 triumvir
775 3419 860 3481 vulga:
891 3421 985 3469 tresvir
1006 3419 1151 3471 Eberhard:

150 3481 346 3530 triumvimmL
448 3496 477 3543 15
496 3482 528 3530 Et
546 3498 607 3530 vero
627 3483 785 3532 Lambinus:
809 3492 835 3532 at
853 3483 949 3534 veroL
1050 3501 1081 3547 23
1100 3504 1151 3537 una

151 3548 207 3596 Ser.
228 3545 328 3597 BHM:
351 3564 403 3598 una
419 3548 558 3597 SeriusF:
583 3549 720 3598 Numerius
737 3549 842 3599 Martha
966 3567 999 3613 29
1016 3551 1092 3601 Cotta
1111 3561 1152 3603 est

150 3613 259 3677 Stangl:
277 3613 354 3663 Cotta
360 3615 446 3678 'vulgar
464 3613 556 3663 Cottae
569 3612 591 3660 L
