2588 4178
533 196 713 272 ORATOR
1082 211 1117 270 ¹8
1130 221 1162 269 40

119 363 257 426 concisus
285 364 312 425 ei
340 367 581 443 Thrasymachus
609 364 732 426 minutis
759 364 890 427 numeris
911 364 1060 426 videretur
1087 377 1116 427 et

120 461 253 539 Gorgias,
277 461 329 540 qui
357 474 458 524 tamen
485 462 573 542 primi
600 464 756 524 traduntur
779 474 841 524 arte
868 465 999 541 quadam
1027 464 1117 524 verba

119 559 262 633 iunxisse,
282 562 461 622 Theodorus
484 572 585 622 autem
612 559 801 639 praefractior
828 582 884 622 nec
912 560 992 636 satis,
1016 573 1049 621 ut
1076 560 1117 622 ita

119 646 228 730 dicam,
243 659 397 732 rotundus,
413 657 525 735 primus
539 658 666 719 instituit
684 658 807 742 dilatare
821 658 918 719 verbis
935 670 965 720 et
979 658 1117 720 molliori·

92 755 176 823 rbus
197 754 327 816 numeris
348 757 466 832 explere
487 756 648 817 sententias
657 777 667 831 3
694 755 725 816 in
746 776 897 834 quocum
922 758 1044 817 doceret
1064 776 1116 817 eos

118 851 170 928 qui
191 853 298 930 partim
319 852 350 915 in
364 853 495 914 dicendo
516 853 623 932 partim
643 854 676 913 in
696 854 856 916 scribendo
869 853 1018 933 principes
1032 853 1117 916 exsti-

118 962 227 1025 terunt,
241 952 351 1012 domus
364 951 428 1012 eius
444 951 566 1012 officina
581 951 685 1012 habita
702 951 891 1030 eloquentiae
911 964 964 1013 est
1008 955 1115 1030 Itaque
1129 983 1159 1034 4¹

118 1060 151 1108 ut
172 1069 237 1127 ego,
253 1070 322 1110 cum
341 1071 360 1110 a
378 1061 481 1111 nostro
502 1051 619 1112 Catone
640 1050 790 1124 laudabar,
805 1052 852 1110 vel
871 1050 1048 1128 reprehendi
1067 1070 1116 1111 me

118 1167 137 1206 a
159 1146 263 1208 ceteris
284 1147 371 1208 facile
393 1147 534 1226 patiebar,
560 1147 603 1208 sic
631 1151 778 1209 Isocrates
799 1147 917 1209 videtur
944 1146 1116 1215 testimonio

75 1267 107 1302 10
120 1244 253 1304 Platonis
266 1244 392 1306 aliorum
409 1244 519 1306 iudicia
537 1246 648 1306 debere
666 1257 866 1307 contemnere.
910 1247 965 1304 Est
978 1243 1067 1317 enim,
1083 1255 1117 1305 ut

119 1341 185 1416 sciS,
206 1343 301 1421 ‘quasi
328 1342 360 1402 in
387 1355 518 1405 extrema
545 1343 653 1422 pagina
680 1343 809 1404 Phaedri
841 1342 887 1403 his
919 1342 991 1422 ipsis
1019 1341 1116 1403 verbis

118 1441 245 1517 loquens
279 1442 434 1502 Socrates:
465 1443 653 1503 Adulescens
680 1441 770 1503 etiam
804 1461 893 1514 nunc,
923 1461 943 1502 o
971 1441 1114 1513 Phaedre,

120 1541 265 1599 Isocrates
286 1551 339 1614 est,
356 1541 409 1600 sed
428 1539 501 1618 quid
519 1541 557 1600 de
574 1538 625 1600 illo
645 1559 771 1618 augurer
788 1539 861 1601 libet
882 1538 989 1600 dicere.
1033 1537 1117 1613 Quid

118 1638 263 1697 tandem?
293 1635 390 1714 inquit
414 1626 487 1697 illes
516 1636 632 1698 Maiore
659 1635 733 1696 mihi
760 1635 880 1715 ingenio
908 1636 1025 1696 videtur
1052 1655 1116 1696 esse

75 1761 103 1811 15
118 1755 208 1812 quam
223 1746 256 1794 ut
277 1755 345 1795 curn
367 1734 552 1795 orationibus
572 1733 679 1813 Lysiae
697 1746 895 1813 comparetur,
908 1746 1059 1813 praeterea
1076 1736 1117 1795 ad

118 1832 256 1892 virtutem
278 1831 371 1894 maior
392 1832 527 1908 indoles;
548 1844 582 1893 ut
600 1833 724 1893 minime
743 1832 851 1910 mirum
871 1834 1003 1893 futurum
1020 1831 1058 1892 sit
1081 1831 1115 1906 si,

118 1951 187 1991 cum
215 1942 312 1991 aetate
332 1931 519 2010 processerit,
539 1943 591 1992 aut
614 1930 646 1991 in
666 1933 725 1992 hoc
749 1929 918 1992 orationum
938 1950 1046 2008 genere
1067 1929 1116 1991 cui

118 2048 199 2089 nunc
213 2030 313 2089 studet
328 2040 444 2089 tantum
463 2041 609 2107 quantum
627 2029 727 2108 pueris
741 2028 862 2107 reliquis
880 2040 1008 2106 praestet
1022 2027 1116 2090 omni-

118 2126 175 2187 bus
196 2126 248 2205 qui
269 2147 413 2205 umquam
433 2128 581 2188 orationes
602 2126 762 2204 attigerunt
781 2138 843 2201 aut,
856 2125 881 2187 si
895 2138 1055 2187 contentus
1069 2126 1115 2188 his

75 2256 106 2291 20
119 2245 181 2285 non
202 2224 298 2298 suerit,
313 2226 416 2287 divino
435 2225 537 2303 aliquo
558 2226 651 2286 animi
671 2238 755 2287 motu
775 2225 887 2286 maiora
905 2225 1098 2303 concupiscat
1107 2247 1116 2301 ;

118 2322 195 2383 inest
209 2322 290 2383 enim
305 2335 409 2384 natura
422 2323 612 2402 philosophia
625 2323 656 2384 in
671 2323 759 2384 huius
773 2323 827 2383 viri
841 2335 942 2390 mente
956 2324 1113 2401 quaedam.

119 2422 206 2480 Haec
220 2423 259 2482 de
272 2423 465 2482 adulescente
479 2423 615 2482 Socrates
628 2433 794 2499 auguratur.
837 2425 879 2481 At
892 2441 928 2482 ea
941 2423 981 2482 de
999 2421 1116 2484 seniore
1128 2461 1160 2509 42

117 2517 218 2578 scribit
233 2521 319 2579 Plato
333 2531 362 2580 et
377 2519 478 2580 scribit
491 2519 624 2598 aequalis
634 2532 663 2580 et
674 2519 796 2598 quidem
808 2518 969 2597 exagitator
979 2519 1115 2580 omnium

115 2617 267 2677 rhetorum
291 2619 373 2678 hunc
397 2617 517 2678 miratur
538 2638 631 2679 unum
642 2640 651 2692 3
680 2638 728 2678 me
751 2629 852 2678 autem
877 2615 929 2694 qui
953 2619 1115 2678 Isocratem

74 2740 103 2789 ²5
116 2734 179 2774 non
193 2713 320 2793 diligunt
344 2735 405 2776 una
424 2736 494 2777 cum
512 2718 633 2777 Socrate
657 2727 687 2776 et
711 2735 781 2775 cum
806 2719 931 2776 Platone
956 2735 1050 2776 errare
1066 2736 1116 2795 pa-

116 2811 233 2872 tiantur.
278 2815 375 2874 Dulce
396 2814 484 2892 igitur
504 2813 645 2874 orationis
659 2833 753 2891 genus
772 2826 802 2875 et
816 2816 946 2875 solutum
961 2826 991 2874 et
1010 2816 1113 2887 fluens,
1215 2821 1217 2826 ’

116 2909 271 2970 sententiis
298 2923 443 2989 argutum,
473 2912 570 2972 verbis
598 2932 707 2972 sonans
740 2923 785 2972 est
817 2912 848 2971 in
876 2912 927 2972 illo
955 2911 1115 2988 epidictico

116 3027 224 3086 genere
238 3010 321 3086 quod
336 3008 464 3070 diximus
481 3010 633 3088 proprium
655 3009 863 3087 sophistarum,
879 3030 1008 3088 pompae
1023 3030 1113 3089 quam

117 3123 235 3184 pugnae
255 3106 360 3184 aptius,
376 3107 536 3185 gymnasiis
558 3120 587 3168 et
601 3111 763 3186 palaestrae
782 3107 924 3181 dicatum,
939 3120 1071 3187 spretum
1086 3120 1116 3169 et

71 3238 104 3287 30
115 3207 236 3283 pulsum
263 3207 337 3266 foro.
380 3207 440 3267 Sed
469 3209 552 3285 quod
579 3209 707 3268 educata
734 3205 821 3265 huius
844 3205 1033 3267 nutrimentis
1057 3208 1116 3267 elo-

148 3378 164 3424 3
182 3363 296 3412 iunxisse
309 3362 349 3412 L:
369 3365 485 3413 vinxisse
502 3363 569 3416 codd.
588 3363 644 3415 dett.
704 3365 856 3413 Theodorus
872 3363 987 3414 Ernesti:
1013 3365 1115 3427 Thucy·

115 3428 189 3476 dides
202 3427 241 3475 L:
257 3429 419 3478 Theodectes
436 3429 537 3478 Nomas
641 3446 737 3493 9prae
751 3437 808 3479 test.
827 3428 969 3492 Heerdegen
1084 3446 1114 3479 21

116 3494 279 3556 philosophia
290 3496 375 3559 vulg:
398 3496 616 3559 philosophiaeL
713 3511 746 3543 aa
762 3495 952 3558 auguraturF:
976 3506 1117 3557 auguratus

118 3556 210 3607 OPM:
234 3568 384 3621 auguratust
399 3559 494 3625 Stangl
621 3562 654 3608 26
669 3569 696 3610 et
712 3563 795 3610 tluens
813 3561 902 3611 Orelli:
923 3566 950 3609 et
968 3561 1076 3611 effluens
1093 3562 1116 3611 L

115 3639 148 3685 30
165 3622 309 3685 eloquentia
327 3633 367 3674 est
384 3624 423 3676 L:
442 3634 482 3676 est
497 3625 581 3675 delevit
596 3623 716 3690 Poggius,
733 3642 783 3676 om.
798 3625 868 3677 Serv.
885 3626 922 3675 ad
933 3625 1003 3692 Verg.
1015 3626 1081 3677 Aen.
1098 3628 1113 3678 i.

118 3691 166 3752 176
178 3707 184 3739 ε
201 3698 228 3739 et
237 3687 334 3755 scripse!
342 3691 464 3741 Fn'edn'ch
