2588 4178
119 219 223 287 '29100
444 215 487 274 M.
517 214 645 273 Tuum
674 212 907 276 mcaxours

175 371 309 447 profecto
330 381 375 430 est
395 369 444 431 ille
465 373 617 448 eloquens,
633 390 724 447 quem
745 389 911 447 numquam
928 367 1003 429 vidit
1016 365 1176 428 Antonius.

176 466 253 543 Quis
277 479 323 528 est
343 467 430 545 igitur
450 467 499 527 is?
540 469 732 545 Complectar
752 466 842 539 brevi,
866 466 1009 527 disseram
1033 464 1177 543 pluribus.

175 565 208 628 Is
236 577 281 626 est
308 565 388 626 enim
416 566 569 642 eloquens,
599 564 651 642 qui
679 575 709 624 et
736 563 861 624 humilia
888 563 1036 624 subtiliter
1062 574 1092 623 et
1119 564 1181 622 alta

175 662 300 741 graviter
321 674 352 723 et
376 661 537 723 mediocria
560 673 723 740 temperate
737 672 846 739 potest
869 662 977 722 dicere.
1021 663 1122 721 Nemo
1144 660 1179 733 is,

117 784 160 821 ror
175 760 301 838 inquies,
327 780 470 838 umquam
493 759 556 820 ruit.
600 762 648 820 Ne
672 760 768 819 fuerit.
812 761 878 837 Ego
901 758 983 820 enim
1006 748 1079 836 quid
1105 757 1209 835 desi-5

176 860 288 934 derem,
297 878 358 918 non
374 857 448 935 quid
461 856 586 918 viderim
601 857 722 935 disputo
737 858 888 933 redeoque
901 858 941 917 ad
955 856 1036 916 illam
1047 855 1181 916 Platonis

176 957 215 1017 de
237 975 297 1033 qua
318 954 449 1015 dixeram
474 953 516 1015 rei
543 954 669 1014 formam
694 965 725 1015 et
749 953 888 1032 speciem,
915 973 1006 1032 quam
1034 951 1090 1013 etsi
1118 972 1181 1012 non

176 1053 335 1127 cernimus,
353 1052 576 1112 tamenanimo
596 1063 696 1112 tenere
715 1072 882 1130 possumus.
927 1054 998 1112 Non
1019 1050 1100 1111 enim
1121 1052 1182 1111 elo

176 1163 318 1228 quentem
333 1170 444 1228 quaero
463 1140 562 1226 neque
579 1149 740 1226 quicquam
760 1151 885 1210 mortale
903 1159 934 1209 et
952 1149 1109 1221 caducum,
1126 1149 1181 1209 sed

176 1247 249 1309 illud
264 1248 371 1326 ipsum,
386 1247 471 1308 cuius
486 1247 538 1325 qui
552 1247 590 1305 sit
609 1266 743 1325 compos,
759 1247 796 1306 sit
816 1249 979 1324 eloquens;
1007 1247 1090 1323 quod
1105 1245 1181 1305 nihil
1197 1269 1228 1304 ro

177 1358 221 1406 est
235 1347 316 1407 aliud
331 1346 387 1406 nisi
401 1344 573 1422 eloquentia
587 1345 660 1422 ipsa,
677 1365 767 1422 quam
787 1345 876 1406 nullis
891 1344 948 1405 nisi
962 1343 1071 1404 mentis
1086 1343 1182 1405 oculis

177 1444 277 1504 videre
298 1463 466 1522 possumus.
520 1445 551 1503 Is
574 1443 628 1502 erit
650 1442 738 1520 igitur
757 1445 918 1520 eloquens,
943 1453 977 1502 ut
1000 1442 1081 1502 idem
1106 1441 1181 1501 illud

177 1541 327 1615 iteremus,
349 1541 400 1618 qui
425 1540 533 1619 poterit
556 1560 647 1618 parva
671 1540 838 1615 summisse,
864 1539 984 1600 modica
1008 1551 1180 1616 temperate,

118 1666 164 1701 ror
178 1660 286 1718 magna
307 1640 432 1718 grauiter
454 1638 561 1699 dicere.
604 1641 684 1698 Tota
705 1638 779 1697 mihi
801 1658 891 1698 causa
914 1658 968 1716 pro
989 1637 1121 1699 Caecina
1142 1639 1182 1696 de

177 1738 274 1797 verbis
296 1736 445 1798 interdicti
473 1736 548 1795 luit:
579 1756 626 1796 res
649 1735 798 1795 involutas
825 1735 999 1796 definiendo
1027 1733 1228 1812 explicavi-15

179 1856 253 1908 muS,
282 1835 328 1895 ius
355 1834 442 1894 civile
469 1833 663 1905 laudavimus,
693 1834 783 1893 verba
814 1832 956 1910 ambigua
981 1832 1180 1892 distinximus.

180 1932 248 1992 Fuit
269 1933 420 1993 ornandus
441 1930 471 1990 in
495 1930 620 1990 Manilia
640 1934 705 2008 lege
728 1930 907 2008 Pompeius:
936 1941 1100 2008 temperata
1120 1948 1183 1989 ora·

178 2029 260 2091 tione
285 2028 411 2090 ornandi
435 2028 553 2105 copiam
582 2028 729 2105 persecuti
753 2048 864 2087 sumus.
919 2030 971 2087 Ius
999 2047 1090 2087 omne
1117 2025 1183 2086 reti-

180 2129 297 2188 nendae
322 2125 482 2186 maiestatis
508 2125 611 2185 Rabiri
633 2145 724 2186 causa
747 2125 975 2186 continebatur:
1004 2145 1073 2202 ergo
1094 2123 1125 2182 in
1147 2144 1183 2184 ea

121 2248 167 2296 103
181 2225 264 2286 omni
284 2245 391 2302 genere
411 2222 651 2300 amplificationis
670 2223 840 2284 exarsimus.
883 2226 923 2282 At
940 2225 1015 2283 haec
1031 2222 1182 2282 interdum
1198 2239 1229 2274 20

180 2325 375 2401 temperanda
393 2333 422 2381 et
436 2320 577 2381 varianda
594 2332 670 2381 sunt.
715 2323 807 2397 Quod
828 2320 915 2399 igitur
933 2320 964 2380 in
983 2319 1183 2380 accusationis

180 2432 294 2498 septem
309 2419 391 2479 libris
410 2437 472 2478 non
489 2417 631 2495 reperitur
651 2422 769 2496 genus?
797 2420 879 2496 quod
894 2418 925 2476 in
942 2416 1071 2477 Habiti?
1099 2417 1183 2493 quod

180 2517 211 2577 in
231 2517 373 2579 Corneli?
401 2517 483 2593 quod
501 2515 532 2582 in
551 2515 685 2593 plurimis
706 2516 814 2576 nostris
831 2515 1078 2576 defensionibus?
1105 2534 1184 2591 quae

180 2617 316 2692 exempla
337 2613 517 2690 selegissem,
541 2613 598 2672 nisi
620 2617 666 2674 vel
694 2625 766 2674 nota
790 2634 855 2674 esse
877 2613 1033 2673 arbitrarer
1054 2614 1100 2672 vel
1125 2610 1182 2688 ipsi

180 2723 303 2791 possent
330 2714 426 2788 legere
454 2711 505 2788 qui
533 2722 715 2788 quaererent.
763 2713 854 2771 Nulla
881 2722 925 2771 est
952 2709 1033 2770 enim
1060 2711 1122 2769 ullo
1151 2708 1182 2767 in
1197 2724 1229 2773 25

181 2831 288 2888 genere
308 2812 372 2868 laus
399 2805 548 2888 [oratoris]
571 2809 655 2868 cuius
676 2809 706 2869 in
728 2809 835 2869 nostris
856 2808 1040 2868 orationibus
1061 2827 1123 2866 non
1146 2806 1184 2865 sit

181 2908 282 2985 aliqua
308 2906 332 2966 si
360 2927 421 2965 non
450 2906 600 2982 persecti0,
625 2918 656 2966 at
683 2919 808 2967 conatus
835 2918 936 2966 tamen
963 2917 1054 2983 atque
1081 2907 1173 2965 adum

123 3029 169 3076 104
181 3006 286 3067 bratio.
331 3007 402 3065 Non
427 3004 639 3080 adsequimur3
660 3015 690 3064 at
711 3004 783 3082 quid
806 3004 890 3080 sequi
911 3006 1017 3064 deceat
1036 3002 1182 3063 videmus.

199 3162 375 3222 ¹reloquens
387 3159 438 3208 secl.
451 3160 520 3207 Bake
616 3175 632 3207 a
649 3157 671 3207 is
687 3159 731 3208 A:
749 3158 834 3208 sedL
933 3158 1073 3220 3altaA:
1091 3174 1185 3218 magna

183 3226 205 3274 L
286 3240 302 3286 5
319 3242 352 3274 ne
365 3225 441 3273 suerit
454 3223 493 3272 L:
511 3240 544 3272 ne
555 3226 617 3272 dutu
630 3223 741 3272 suerisA
754 3242 760 3272 ε
777 3227 878 3282 ηεόυω
891 3224 1186 3287 tuvidcrisHeerdegen:

185 3307 218 3340 ne
230 3291 290 3338 dum
301 3299 328 3340 tu
342 3291 444 3352 videris,
459 3304 492 3337 ne
505 3290 582 3337 suerit
593 3287 688 3352 Stangl
758 3306 798 3351 14,
812 3305 841 3350 15
859 3292 892 3338 de
903 3291 989 3338 verbis
1001 3289 1133 3337 interdicti
1145 3289 1167 3337 L
1179 3306 1185 3336 ε

184 3372 212 3404 re
221 3372 282 3404 vera
290 3356 315 3402 A
378 3371 414 3417 19,
427 3372 459 3404 ao
470 3355 496 3402 in
506 3370 537 3403 ea
544 3356 614 3403 omui
621 3353 761 3417 Hemiegen
771 3372 776 3404 :
789 3356 823 3403 ibi
832 3355 902 3403 omni
908 3353 1017 3417 Stangl:
1034 3355 1060 3402 in
1069 3352 1169 3402 omniL
1179 3371 1185 3405 :

184 3423 210 3469 in
224 3423 292 3469 eoA
369 3436 401 3467 aa
419 3421 507 3469 Habiti
518 3419 588 3467 AL:
605 3419 674 3469 Aviti
687 3421 754 3484 vulg.
830 3437 871 3481 24,
883 3435 914 3481 25
932 3421 1071 3468 arbitrarer
1082 3420 1123 3468 vel
1135 3419 1185 3481 ipsi

184 3487 279 3536 Schelle
354 3491 537 3534 accusarentur
553 3486 594 3532 vel
615 3501 678 3547 opes
699 3486 744 3534 A:
767 3485 904 3533 arbitrarer
927 3485 949 3531 L
1059 3499 1090 3546 a5
1107 3498 1186 3546 posse

185 3549 316 3612 eligereL
399 3553 432 3598 26
449 3551 656 3601 oratorisom.A
671 3552 722 3598 ml:
742 3552 853 3598 oratoria
863 3550 964 3613 Bentley
1062 3550 1186 3612 assequi

185 3616 343 3680 Heerdegen:
359 3617 425 3678 siqui
438 3616 463 3662 A
475 3634 481 3665 ε
499 3617 573 3677 siqui
587 3617 612 3663 F
616 3618 626 3665 ἰ
643 3617 665 3664 si
677 3616 736 3678 quid
750 3614 830 3662 OPM
836 3632 843 3663 r
859 3624 885 3664 at
898 3616 958 3678 quid
970 3616 1061 3669 deceat
1073 3616 1140 3678 vulg.
