2588 4178
111 195 207 259 31118
406 215 408 219 ·
438 186 482 245 M.
504 185 632 245 TVLLI
652 184 885 247 CICERONIS

159 353 191 412 in
213 352 337 426 Fannio,
363 372 402 414 ne
426 351 458 412 in
481 351 596 413 Rutilio
621 351 744 430 quidem
771 370 919 428 magnam,
945 347 976 408 in
997 348 1158 425 Tuberone

101 453 146 518 ¹1'9
160 453 272 512 nullam
293 450 381 512 video
405 450 504 510 fuisse.
548 453 588 510 Et
608 469 681 527 ego:
710 450 789 522 Non,
814 448 946 526 inquam,
971 450 1070 519 Brute,
1095 447 1159 506 sine

159 569 257 622 causa,
283 544 438 627 propterea
465 550 548 626 quod
572 547 697 609 istorum
719 547 750 607 in
772 545 935 607 dialecticis
963 545 1061 606 omnis
1089 564 1159 604 cura

159 645 351 719 consumitur,
374 666 483 724 vagum
506 645 581 727 illud
609 644 751 706 orationis
775 655 806 705 et
829 646 928 704 fusum
951 654 981 703 et
1005 641 1159 720 multiplex

159 764 222 805 non
245 743 404 806 adhibetur
418 759 420 762 ⁴
430 764 543 822 genus„
557 737 559 741 Α
575 746 660 804 Tuus
684 754 785 803 autern
808 743 981 825 avunculus,
1004 761 1094 818 quern
1119 741 1187 812 ad5

161 843 284 903 modum
313 841 378 915 scis,
404 826 536 904 habeta
561 841 668 903 Stoicis
689 840 721 901 id
742 841 825 918 quod
851 840 891 900 ab
915 839 971 899 illis
994 839 1159 916 petendum

159 939 232 1014 fuit,
253 940 307 1000 sed
321 940 420 999 dicere
439 938 544 999 didicit
558 959 576 998 a
590 938 712 1000 dicendi
731 936 875 1016 magistris
894 956 1059 1014 eorumque
1076 956 1159 997 rnore

158 1057 191 1098 se
205 1037 342 1098 exercuit
386 1038 478 1115 Quod
497 1037 521 1097 si
543 1037 645 1097 omnia
660 1057 679 1096 a
697 1035 889 1115 philosophis·
901 1045 1000 1096 essent
1019 1037 1156 1112 petenda,

100 1147 147 1184 1²0
159 1135 423 1213 Peripateticorum
434 1134 575 1196 institutis
586 1133 774 1196 commodius
785 1136 944 1211 fingeretur
955 1132 1056 1193 oratio
1087 1134 1158 1209 Quo

89 1242 91 1244 ’
160 1233 252 1311 magis
273 1244 366 1307 tuum,
386 1236 485 1307 Brute,
504 1233 649 1294 iudicium
670 1233 773 1311 probo,
795 1231 847 1309 qui
868 1251 971 1292 eorum
994 1227 1038 1312 [id
1058 1242 1103 1291 est
1123 1251 1159 1291 ex
1175 1251 1210 1312 ιον

158 1342 257 1391 vetere
271 1327 446 1411 Academia]
462 1329 709 1408 philosophorum
720 1340 831 1390 sectam
846 1339 965 1389 secutus
980 1348 1022 1402 es,
1030 1348 1158 1406 quorum

158 1428 190 1487 in
215 1427 350 1488 doctrina
374 1438 463 1504 atque
486 1426 650 1505 praeceptis
675 1426 840 1488 disserendi
868 1425 943 1497 ratio
970 1424 1160 1503 coniungitur

158 1545 228 1586 cum
243 1524 386 1585 suavitate
403 1524 524 1586 dicendi
538 1536 568 1585 et
586 1525 691 1603 copia;
713 1544 895 1602 quamquam
910 1542 946 1594 ea
964 1522 1029 1601 ipsa
1043 1523 1160 1601 Peripa-

121 1683 123 1686 .
158 1624 316 1685 teticorurn
333 1626 643 1703 Academicorumque
657 1625 844 1686 consuetudo
864 1623 895 1682 in
909 1621 1023 1683 ratione
1036 1621 1159 1683 dicendi
1217 1687 1219 1691 ¹

159 1717 225 1778 talis
246 1730 291 1779 est
309 1730 342 1779 ut
361 1728 425 1780 nec*
436 1712 576 1797 perficere
591 1730 738 1779 oratorem
756 1717 850 1795 possit
863 1717 930 1794 ipsa
948 1736 1000 1794 per
1019 1736 1084 1776 sese
1100 1735 1158 1776 nec
1173 1739 1203 1790 15

159 1815 223 1876 sine
237 1836 272 1876 ea
286 1828 384 1877 orator
398 1837 463 1877 esse
479 1819 636 1894 perlectus.
680 1818 759 1876 Nam
779 1826 812 1874 ut
826 1814 994 1877 Stoicorum
1012 1812 1159 1874 astrictior

159 1924 204 1973 est
224 1914 318 1974 oratio
340 1914 553 1992 aliquantoque
574 1913 752 1974 contractior
772 1933 863 1990 quam
887 1931 972 1976 aures
995 1911 1099 1990 populi
1116 1931 1160 1972 re·

159 2009 287 2087 quirunt,
314 2011 355 2071 sic
383 2011 500 2072 illorum
525 2010 645 2073 liberior
672 2023 701 2072 et
728 2010 815 2070 latior
838 2029 929 2088 quarn
954 2009 1063 2088 patitur
1089 2029 1160 2070 con-

158 2110 287 2169 suetudo
306 2108 484 2169 iudiciorum
499 2119 528 2170 et
547 2108 610 2169 fori.
654 2107 730 2184 Quis
744 2106 826 2169 enirn
842 2105 961 2168 uberior
977 2106 1009 2165 in
1027 2106 1158 2167 dicendo

99 2227 143 2264 121
159 2208 306 2266 Platone?
348 2208 452 2267 Iovem
473 2206 515 2268 sic
536 2206 619 2266 aiunt
639 2204 819 2284 philosophi,
835 2204 860 2264 si
878 2207 991 2266 Graece
1010 2207 1157 2282 loquatur,
1173 2227 1205 2262 ιο

158 2303 249 2381 loqui.
303 2304 379 2380 Quis
407 2304 567 2365 Aristotele
595 2303 756 2377 nervosior,
783 2300 999 2380 Theophrasto
1021 2302 1159 2363 dulcior?

160 2401 352 2462 Lectitavisse
384 2404 541 2463 Platonem
576 2401 716 2475 studiose,
747 2388 896 2461 audivisse
928 2399 1018 2460 etiam
1049 2403 1160 2461 Demo

159 2501 279 2559 sthenes
300 2482 541 2575 dicitur—idque
561 2509 683 2575 apparet
699 2518 735 2557 ex
749 2517 856 2574 genere
875 2508 905 2557 et
919 2496 1084 2575 granditate
1098 2517 1159 2558 ver-

159 2596 285 2670 borum3
305 2595 378 2656 dicit
391 2596 481 2656 etiam
496 2595 527 2654 in
541 2598 671 2673 quadarn
686 2595 812 2674 epistula
833 2597 891 2655 hoc
906 2594 970 2672 ipse
983 2597 1023 2655 de
1041 2614 1154 2668 sese—‚

159 2695 212 2754 sed
227 2705 257 2754 et
271 2693 359 2754 huius
376 2693 471 2755 oratio
485 2693 516 2752 in
530 2693 752 2771 philosophiam
767 2691 1054 2770 tralatapugnacior,
1070 2703 1103 2752 ut
1117 2693 1158 2753 ita
1172 2716 1202 2765 ²5

159 2791 266 2864 dicam,
282 2791 416 2852 videatur
430 2802 459 2852 et
473 2791 590 2851 illorum
605 2790 636 2851 in
650 2790 760 2851 iudicia
773 2789 913 2868 pacatior.

99 2859 146 2987 ἐξ
199 2891 290 2949 Nunc
314 2889 494 2966 reliquorum
515 2900 664 2950 oratorum
685 2899 806 2962 aetateS,
827 2887 851 2948 si
872 2889 977 2964 placet,
1000 2898 1030 2947 et
1049 2888 1157 2964 gradus

159 3006 377 3064 persequamur.
421 2986 518 3047 Nobis
542 3006 620 3058 ver0,
644 2988 741 3063 inquit
761 2984 890 3059 Atticus,
914 2996 943 3044 et
967 2986 1159 3046 vehementer

158 3083 289 3162 quidem,
306 3095 338 3144 ut
352 3104 406 3161 pro
424 3088 517 3145 Bruto
535 3084 625 3144 etiam
643 3084 848 3160 respondeam.
892 3081 984 3143 Curio
998 3081 1052 3142 fuit
1071 3082 1159 3160 igitur

158 3183 293 3243 eiusdem
311 3182 415 3242 aetatis
433 3184 494 3243 sere
514 3181 585 3242 sane
602 3180 731 3241 inlustris
750 3192 858 3254 orator,
877 3179 961 3240 cuius
980 3181 1019 3241 de
1037 3180 1158 3258 ingenio
1171 3201 1205 3250 30

159 3303 195 3342 ex
216 3280 399 3341 orationibus
418 3280 481 3341 eius
497 3279 654 3340 existimari
671 3290 786 3357 potest:
808 3289 877 3338 sunt
896 3277 1020 3338 enimet
1036 3277 1112 3338 aliae
1128 3290 1158 3339 et

191 3453 208 3499 9
224 3444 300 3498 atque
312 3436 521 3485 Academicorum
536 3436 594 3485 inst.
607 3433 710 3484 Martha
821 3449 859 3496 10,
875 3449 902 3481 11
922 3433 946 3482 id
966 3441 1006 3481 est
1023 3469 1029 3480 .
1044 3470 1050 3482 .
1066 3470 1072 3482 .
1092 3433 1158 3483 Aca·

78 3551 80 3555 ,
159 3503 306 3551 demiasecl.
321 3502 464 3550 Lambinus
546 3517 575 3560 14
593 3517 664 3550 cons.
679 3501 779 3549 ratione
791 3499 889 3560 Kayser
935 3499 1043 3548 docendi
1055 3497 1159 3565 Martha

158 3583 195 3616 ao
208 3568 245 3616 sic
258 3569 329 3617 aiunt
339 3567 447 3616 scurra:
465 3567 501 3615 sic
514 3563 541 3615 ut
552 3567 654 3616 aiuntL
721 3569 753 3614 26
770 3565 889 3615 videatur
895 3564 1006 3614 Ernesti:
1024 3564 1157 3614 videturL

159 3635 191 3682 28
210 3634 292 3695 inquit
304 3633 362 3683 add.
376 3633 456 3698 νεάζῃ
473 3649 522 3683 om.
538 3633 558 3682 L
