2588 4178
103 219 142 280 24
159 214 191 264 86
448 207 493 266 M.
515 205 644 265 avum
666 205 901 268 crcsxours

154 392 232 449 quae
246 371 302 432 sita
315 384 384 432 sunt
399 372 429 432 in
444 372 548 434 officiis
567 385 657 450 atque
677 372 845 446 virtutibus,
859 371 925 442 alia,
942 373 1026 450 quod
1040 369 1154 448 aliquid

108 475 139 540 87
153 469 306 530 commodi
334 469 473 544 efficiunt,
499 482 531 530 ut
559 490 632 549 opes
660 482 690 530 et
717 467 843 551 copiae].
888 472 1000 530 Eorum
1028 467 1152 550 autem[‚

152 587 230 644 quae
248 578 368 644 propter
389 587 420 627 se
441 564 640 648 expetuntur,]
659 567 766 646 partim
786 570 941 628 honestate
960 566 1025 645 ipsa
1045 566 1152 644 partim

151 664 366 726 commoditate
386 665 683 747 aliquaexpetuntur
693 687 703 740 ;
736 667 900 736 honestate,
924 684 960 724 ea
986 683 1064 741 quae
1089 677 1154 742 prb

151 762 323 822 ficiscuntur
348 763 388 822 ab
420 763 467 823 his
495 762 651 824 virtutibus
679 766 718 825 de
746 762 854 840 quibus
886 764 976 840 paulo
1004 773 1075 822 ante
1109 772 1178 830 ests

151 859 275 934 dictum,
290 880 366 937 quae
388 872 457 920 sunt
479 861 640 921 laudabilia
664 861 728 940 ipsa
751 881 804 939 per
824 880 909 934 sese;
937 860 1153 921 commoditate

150 970 251 1017 autern
271 957 372 1034 aliqua
391 978 469 1035 quae
490 971 559 1019 sunt
580 958 611 1018 in
632 958 764 1037 corporis
784 968 836 1018 aut
857 958 888 1017 in
909 960 1045 1017 fortunae
1064 957 1153 1017 bonis

150 1057 325 1132 expetenda.
362 1057 499 1132 Quorum
513 1057 571 1118 alia
584 1069 653 1118 sunt
667 1055 752 1134 quasi
766 1041 897 1134 quadam
912 1074 981 1115 cum
996 1056 1153 1115 honestate

100 1208 119 1251 Β
151 1151 320 1226 coniuncta,
335 1165 368 1213 ut
389 1156 494 1226 honos,
510 1164 543 1214 ut
563 1154 656 1231 gloria
666 1176 675 1229 3
695 1153 753 1214 alia
773 1152 897 1225 diversa,
913 1163 946 1212 ut
960 1151 1036 1212 vires
1057 1154 1153 1213 forma

105 1287 136 1336 38
151 1251 302 1325 valetudo,
318 1264 350 1311 ut
371 1251 511 1312 nobilitas
531 1251 651 1312 divitiae
672 1251 835 1313 clientelae.
880 1253 935 1311 Est
956 1249 1044 1311 etiam
1064 1271 1154 1328 quae·
1168 1266 1196 1303 ¹0

150 1349 219 1408 dam
235 1347 320 1425 quasi
335 1347 471 1409 materies
482 1348 617 1410 subiecta
630 1349 787 1421 honestati,
804 1369 881 1426 quae
896 1347 1024 1408 maxime
1038 1359 1153 1425 specta-

150 1456 197 1505 tur
207 1444 237 1504 in
249 1445 394 1506 amicitiis.
423 1446 582 1507 Amicitiae
591 1460 693 1508 autem
702 1446 822 1508 caritate
833 1458 863 1507 et
871 1466 973 1507 amore
981 1457 1151 1506 cernuntur.

150 1544 229 1603 Nam
244 1563 314 1604 cum
328 1545 453 1604 deorum
472 1556 536 1605 tum
557 1557 714 1623 parentum
733 1543 905 1622 patriaeque
925 1545 1022 1603 cultus
1037 1563 1154 1604 eorum-

150 1659 209 1716 que
236 1639 394 1700 hominum
416 1641 467 1718 qui
494 1653 546 1702 aut
570 1640 715 1719 sapientia
734 1651 786 1701 aut
808 1640 916 1717 opibus
941 1641 1090 1701 excellunt
1112 1642 1153 1700 ad

149 1736 302 1798 caritatem
317 1737 415 1798 referri
429 1741 534 1800 solent.
577 1738 729 1817 Coniuges
742 1751 843 1799 autem
858 1749 887 1798 et
899 1737 991 1798 -liberi
1005 1749 1035 1798 et
1049 1740 1153 1800 fratres
1167 1756 1193 1806 15

149 1846 180 1895 et
212 1834 263 1894 alii
297 1856 373 1914 quos
407 1857 478 1897 usus
510 1835 752 1914 familiaritasque
779 1835 934 1897 coniunxit
966 1855 1152 1915 quamquam

149 1930 238 1993 etiam
258 1932 378 1993 caritate
397 1933 462 2010 ipsa
482 1944 583 1995 tamen
601 1954 703 1995 amore
723 1933 851 1994 maxime
869 1932 1069 1995 continentur.
1094 1965 1098 1972 ·
1114 1935 1152 1994 In

149 2028 195 2089 his
217 2029 305 2107 igitur
326 2031 414 2091 rebus
436 2051 506 2092 cum
530 2032 611 2092 bona
635 2031 702 2105 sint,
723 2031 809 2092 facile
830 2041 875 2091 est
895 2031 1049 2092 intellectu
1074 2051 1153 2108 quae

104 2140 138 2206 89
149 2126 208 2186 sint
229 2127 381 2188 contraria
425 2130 517 2205 Quod
539 2129 564 2190 si
584 2149 701 2208 semper
721 2125 835 2207 optima
859 2141 960 2189 tenere
984 2149 1151 2206 possemus,

149 2226 230 2284 haud
255 2244 334 2299 sane,
358 2224 646 2304 quoniamquidem
673 2247 710 2287 ea
736 2226 892 2304 perspicua
920 2237 998 2299 sunt,
1024 2226 1194 2287 consilioue

148 2324 277 2383 multum
291 2344 452 2402 egeremus.
496 2326 557 2385 Sed
571 2321 641 2402 quia
655 2324 847 2402 temporibus,
864 2343 942 2401 quae
956 2323 1016 2382 vim
1038 2323 1152 2384 habent

148 2420 318 2497 maximam,
332 2441 474 2499 persaepe
488 2422 597 2496 evenit,
611 2434 644 2483 ut
658 2421 768 2482 utilitas
787 2441 857 2482 cum
876 2422 1033 2482 honestate
1048 2433 1149 2495 certet,

148 2538 311 2597 earumque
324 2522 422 2580 re'rum
436 2519 590 2581 contentio
610 2522 786 2598 plerumque
807 2518 1037 2581 deliberationes
1051 2519 1149 2593 efficit,

149 2635 187 2676 ne
209 2628 261 2677 aut
282 2628 450 2695 opportuna
470 2629 590 2696 propter
610 2617 786 2696 dignitatem
809 2628 861 2678 aut
885 2618 1012 2679 honesta
1032 2628 1153 2695 propter

149 2713 307 2774 utilitatem
327 2713 541 2792 relinquantur,¹
555 2717 594 2776 ad
615 2717 693 2775 hanc
713 2714 920 2775 difficultatem
943 2713 1151 2792 explicandam
1167 2737 1194 2788 ²5

103 2837 138 2888 90
149 2823 307 2890 praecepta
320 2813 488 2873 reseramus.
533 2814 572 2873 Et
586 2811 728 2890 quoniam
743 2832 805 2872 non
819 2814 859 2872 ad
873 2810 1026 2872 veritatem
1043 2814 1151 2886 solum,

148 2907 202 2965 sed
222 2904 311 2965 etiam
332 2906 372 2965 ad
385 2904 543 2983 opiniones
558 2926 661 2966 eorum
676 2904 728 2984 qui
744 2905 871 2966 audiunt
891 2906 1153 2966 accommodanda

148 3013 192 3063 est
216 3001 318 3076 oratio,
343 3004 402 3063 hoc
424 3002 553 3080 primum
576 3002 791 3080 intellegamus,
815 3001 972 3063 hominum
997 3020 1062 3061 esse
1090 3003 1155 3062 duo·

147 3119 263 3178 genera,
278 3101 403 3160 alterum
418 3100 574 3161 indoctum
589 3111 620 3161 et
633 3111 755 3177 agreste,
772 3101 854 3178 quod
873 3100 1017 3159 anteferat
1034 3118 1153 3177 semper

147 3197 305 3259 utilitatem
329 3199 487 3273 honestati,
510 3202 636 3261 alterum
659 3201 824 3260 humanum
853 3211 883 3260 et
906 3198 1042 3277 politum,
1068 3202 1154 3277 quod
1166 3225 1196 3277 30

147 3297 236 3356 rebus
257 3294 398 3357 omnibus
417 3296 594 3376 dignitatem
614 3307 785 3375 anteponat.
830 3298 937 3374 Itaque
958 3295 1029 3358 huic
1050 3297 1153 3375 generi

147 3394 211 3453 laus
232 3395 329 3454 honos
350 3394 443 3471 gloria
461 3397 536 3456 fides
550 3394 661 3455 iustitia
679 3393 839 3472 omnisque
855 3393 955 3468 virtus,
971 3393 1029 3455 illis
1049 3406 1153 3456 autem

180 3563 196 3609 3
213 3565 298 3625 quae.
313 3587 320 3600 .
335 3587 342 3599 .
357 3557 514 3612 expetuntur
529 3551 582 3600 secl.
601 3549 699 3613 Kayser
793 3551 810 3598 8
826 3550 899 3625 quasi
914 3549 1024 3611 quadam
1040 3564 1099 3599 cum
1109 3548 1137 3599 P
1146 3568 1153 3600 ε

146 3629 219 3677 quast
231 3630 288 3663 cum
300 3614 367 3667 codd.
379 3615 436 3665 dett.
449 3633 455 3664 ε
473 3617 585 3679 quodam
596 3617 673 3665 modo
684 3630 741 3665 cum
752 3613 789 3664 ed.
803 3613 919 3665 Nonmb.
