2588 4178
358 219 647 280 PARTITIONES
668 219 922 281 ORATORIAE
1122 221 1187 280 622

141 387 187 448 sui
201 407 291 448 causa
307 387 366 448 alia
381 387 442 448 dici
459 389 499 449 ab
516 399 631 449 oratore
651 387 709 448 alia
727 387 886 449 existimari
899 386 1038 450 videntur
1052 388 1143 465 idque

141 485 282 546 comitate
299 485 362 546 fieri
380 484 473 564 magis
492 506 583 563 quam
597 486 734 547 vanitate.
778 488 838 548 Sed
857 498 926 546 sunt
940 488 1034 546 multa
1050 485 1144 546 suavi-

140 582 209 643 tatis
231 595 397 663 praecepta,
418 603 495 661 quae
523 583 688 645 orationem
715 596 767 644 aut
795 584 888 662 magis
912 585 1070 645 obscuram
1092 595 1144 643 aut

142 679 241 741 minus
262 681 449 760 probabilem
472 681 593 742 faciunt.
637 684 744 760 Itaque
769 684 828 742 hoc
852 681 942 742 etiam
964 683 1032 742 loco
1055 680 1143 742 nobis

115 789 187 846 5est
209 778 279 856 ipsis
304 779 377 856 quid
401 800 492 840 causa
513 783 644 858 postulet
671 779 886 840 iudicandum„
919 781 954 841 C.
980 778 1142 856 Reliquum
1158 827 1189 877 ²3

141 887 186 936 est
219 875 306 955 igitur
333 887 366 937 ut
393 877 476 938 dicas
504 879 543 938 de
571 897 714 938 conversa
741 877 875 938 oratione
902 889 992 955 atque
1020 888 1141 938 mutata.

143 977 175 1033 P.
193 977 246 1034 Est
261 974 383 1051 quidem
398 975 430 1036 id
446 996 540 1054 genus
559 987 655 1036 toturn
675 974 706 1034 in
724 974 960 1035 commutatione
974 975 1142 1048 verborum,

142 1091 220 1149 quae
243 1072 428 1151 simplicibus
453 1074 484 1134 in
506 1073 603 1134 verbis
631 1072 672 1134 ita
700 1084 847 1146 tractatur,
868 1085 901 1132 ut
922 1084 973 1132 aut
996 1093 1032 1132 ex
1052 1072 1144 1132 verbo

142 1170 281 1231 dilatetur
298 1184 350 1231 aut
368 1171 399 1231 in
416 1174 541 1234 verbum
559 1173 751 1232 contrahatur
768 1170 881 1245 orati03
905 1192 942 1231 cx
958 1171 1058 1243 verbo,
1074 1190 1143 1231 cum

99 1287 129 1321 10
142 1280 194 1329 aut
211 1269 365 1347 proprium
388 1282 440 1330 aut
464 1269 545 1330 idern
568 1269 737 1348 significans
757 1281 809 1329 aut
830 1270 941 1329 factum
963 1270 1087 1329 verbum
1112 1268 1143 1327 in

142 1369 227 1444 plura
248 1368 339 1427 verba
362 1367 530 1442 diducitur3
555 1389 592 1429 ex
613 1367 755 1439 oratione,
778 1387 848 1427 cum
872 1377 924 1426 aut
946 1365 1082 1427 definitio
1104 1367 1144 1426 ad

142 1483 236 1522 unum
261 1464 384 1524 verbum
405 1475 560 1524 revocatur
586 1476 638 1524 aut
658 1466 818 1540 adsumpta
841 1463 931 1523 verba
955 1474 1145 1523 removentur

142 1571 195 1620 aut
215 1560 354 1621 circuitus
376 1561 541 1639 diriguntur
561 1573 613 1621 aut
631 1560 843 1622 coniunctione
864 1562 897 1621 fit
911 1580 1004 1622 unum
1019 1561 1144 1621 verbum

143 1678 180 1719 ex
204 1659 332 1719 duobus.
379 1662 416 1720 In
441 1659 608 1721 coniunctis
635 1671 735 1720 autem
760 1658 857 1719 verbis
881 1658 986 1737 triplex
1009 1657 1144 1719 adhiberi
1160 1679 1190 1727 24

99 1769 129 1820 ¹5
144 1756 340 1817 commutatio
356 1769 456 1834 potest
469 1778 532 1817 non
546 1757 703 1816 verborum
718 1758 771 1817 sed
782 1766 898 1816 tantum
913 1759 1005 1818 modo
1022 1755 1143 1830 ordinis,

144 1865 177 1914 ut
198 1875 267 1915 cum
289 1856 381 1914 semel
400 1853 515 1915 dictum
536 1854 573 1914 sit
592 1853 711 1928 directe,
732 1853 809 1914 sicut
830 1866 934 1914 natura
954 1854 1019 1932 ipsa
1037 1854 1143 1928 tulerit,

143 1951 304 2011 invertatur
323 1953 398 2013 ordo
419 1963 448 2011 et
467 1951 548 2012 idem
568 1951 653 2029 quasi
673 1971 790 2012 sursum
809 1971 927 2011 versum
946 1963 1084 2029 retroque
1103 1951 1146 2012 di·

143 2061 234 2122 catur,
258 2048 368 2110 deinde
390 2049 471 2111 idern
494 2049 632 2110 intercise
659 2059 749 2126 atque
773 2048 925 2127 permixte.
973 2049 1144 2127 Eloquendi
1201 2117 1203 2120 y

142 2160 243 2207 autem
265 2147 435 2208 exercitatio
457 2147 585 2207 maxime
606 2147 637 2206 in
658 2149 717 2207 hoc
738 2158 802 2208 toto
822 2147 1016 2207 convertendi
1037 2166 1144 2224 genere

98 2270 131 2305 ro
144 2257 283 2306 versatur.

186 2343 220 2404 C.
244 2341 333 2402 Actio
358 2342 445 2420 igitur
470 2341 609 2419 sequitur,
633 2354 666 2402 ut
687 2341 802 2420 opinor.
850 2345 881 2401 P.
906 2344 960 2401 Est
981 2341 1039 2400 ita:
1067 2360 1144 2417 quae
1159 2359 1188 2407 25

144 2439 267 2519 quidem
287 2440 395 2500 oratori
416 2451 532 2500 etcum
553 2460 650 2500 rerum
672 2450 702 2500 et
720 2460 790 2499 cum
805 2439 963 2499 verborum
984 2437 1144 2498 momentis

143 2540 358 2598 commutanda
373 2537 501 2597 maxime
518 2547 570 2597 est.
615 2536 698 2597 Facit
712 2537 791 2597 enim
809 2547 839 2596 et
858 2535 1021 2596 dilucidam
1040 2534 1145 2595 oratio·

143 2657 214 2696 nem
229 2648 259 2696 et
277 2636 430 2697 inlustrem
448 2648 478 2698 et
497 2636 683 2715 probabilem
702 2648 732 2696 et
751 2655 872 2696 suavem
893 2655 955 2694 non
970 2634 1075 2709 verbis,
1091 2635 1144 2694 sed

99 2755 131 2804 25
143 2735 285 2796 varietate
304 2734 387 2795 vocis
411 2746 495 2795 motu
520 2733 651 2813 corporis
672 2735 763 2805 vultu,
787 2753 864 2810 quae
886 2733 1047 2811 plurimum
1069 2735 1143 2793 vale-

144 2833 228 2906 bunt,
252 2832 276 2893 si
297 2853 367 2893 cum
388 2831 530 2892 orationis
550 2851 658 2910 genere
682 2830 871 2891 consentient
891 2842 921 2890 et
942 2830 1004 2890 eius
1026 2829 1086 2889 vim
1108 2849 1143 2889 ac

144 2929 316 2990 varietatem
331 2929 557 3006 subsequentur.
599 2929 633 2990 C.
650 2930 733 2988 Num
747 2927 892 3004 quidnam
907 2927 961 2988 tibi
975 2928 1014 2988 de
1028 2937 1143 2986 oratore
1158 2933 1190 2981 26

144 3025 210 3104 ipso
231 3036 321 3086 restat
341 3025 445 3085 aliud?
486 3029 518 3085 P.
535 3024 618 3085 Nihil
639 3045 711 3085 sane
732 3036 847 3102 praeter
867 3023 1050 3095 memoriam,
1067 3042 1144 3099 quae

145 3134 190 3183 est
204 3122 323 3200 gemina
336 3122 516 3182 litteraturae
532 3124 665 3200 quodam
680 3124 772 3182 modo
791 3121 866 3182 etin
883 3119 1019 3182 dissimili
1037 3138 1145 3197 genere

99 3245 133 3294 30
145 3219 310 3298 persimilis.
354 3221 435 3280 Nam
450 3231 482 3279 ut
496 3219 546 3278 illa
559 3230 676 3279 constat
690 3240 726 3280 ex
740 3218 819 3279 notis
833 3218 995 3279 litterarum
1009 3228 1038 3277 et
1053 3236 1089 3276 ex
1108 3235 1144 3276 eo

180 3391 194 3435 7
212 3375 314 3434 quidem
332 3373 376 3423 ΡΞ
392 3374 477 3435 itaque
494 3374 579 3436 vulga:
598 3375 651 3423 secl.
670 3372 749 3422 Orelli
828 3380 908 3422 totum
927 3373 1004 3420 situm
1024 3369 1148 3432 legebam

148 3453 179 3500 14
195 3440 289 3501 triplex
306 3438 393 3489 rodda
414 3438 511 3500 duplex
527 3439 618 3487 maluit
633 3439 730 3488 Puden?
828 3453 857 3499 17
874 3452 976 3486 versum
994 3435 1034 3483 P:
1054 3450 1144 3484 versus

146 3505 213 3566 vulg.
309 3520 338 3552 21
357 3504 393 3552 ita
404 3519 456 3553 om.
467 3503 494 3551 P
579 3519 611 3565 25
628 3504 698 3553 vultu
710 3503 797 3568 vulgr.:
814 3519 844 3552 ac
856 3502 941 3551 vultus
952 3500 992 3549 P:
1009 3501 1144 3562 vultusque

146 3568 213 3617 codd.
224 3569 281 3620 dett.
292 3587 298 3618 ε
316 3585 350 3616 an
361 3569 450 3617 habitu
462 3569 562 3619 voltus?
579 3568 702 3618 Fn'edn'ch
820 3583 851 3629 27
870 3582 930 3616 num
943 3567 1004 3629 quid
1015 3567 1066 3614 iam
1077 3565 1145 3615 codd.

145 3635 216 3686 dela:
234 3650 295 3684 num
306 3634 402 3697 aliquid
411 3642 448 3698 p:
465 3634 594 3686 om.·codd.
606 3634 662 3683 dett.
