2588 4178
146 195 251 260 50166
465 190 508 247 M.
537 188 664 248 TVLLI
694 188 928 250 CICERONIS

200 353 366 427 nominant,
388 375 456 414 cum
478 354 631 414 contrariis
652 365 845 432 opponuntur
865 352 1018 425 contraria,
1039 373 1201 417 numerum

199 453 360 513 oratorium
388 453 564 513 necessitate
591 453 655 531 ipsa
682 453 813 514 efficiunt
840 452 929 513 etiam
958 452 1022 512 sine
1043 451 1198 512 industria.

139 552 186 617 167
201 553 272 610 Hoc
295 571 402 629 genere
426 551 540 628 antiqui
563 551 623 611 iarn
645 563 714 612 ante
736 554 899 612 Isocratem
923 552 1156 611 delectabantur
1169 562 1200 610 et

200 649 328 710 maxime
342 649 474 727 Gorgias,
491 649 575 709 cuius
594 649 625 708 in
646 649 779 710 oratione
798 651 975 726 plerumque
992 649 1082 709 efficit
1096 668 1202 708 nume-

199 766 264 805 rum
279 745 344 823 ipsa
357 745 551 806 concinnitas.
595 748 660 804 Nos
674 744 764 804 etiam
778 743 809 803 in
824 746 883 804 hoc
896 764 1010 821 genere·
1018 747 1200 822 frequentes
1215 761 1230 810 5

199 854 232 902 ut
252 842 302 901 illa
323 854 391 901 sunt
412 842 443 901 in
464 854 570 918 quarto
590 841 806 902 accusationis:
831 843 975 903 Conferte
995 843 1073 901 hanc
1092 861 1201 918 pacem

198 960 267 1000 cum
290 939 341 999 illo
363 940 451 1012 bello,
476 939 564 1000 huius
586 939 728 1017 praetoris
753 940 915 999 adventum
944 959 1014 999 cum
1041 938 1121 998 illius
1146 938 1202 997 im·

198 1036 340 1114 peratoris
354 1036 482 1110 victoria,
500 1037 588 1097 huius
608 1038 763 1097 cohortem
783 1036 929 1114 impuram
945 1056 1014 1096 curn
1029 1035 1108 1095 illius
1121 1056 1203 1096 exer-

198 1131 258 1196 citu
272 1132 392 1206 invicto,
409 1134 497 1193 huius
514 1135 653 1194 libidines
673 1154 743 1193 cum
762 1132 840 1192 illius
861 1132 1064 1193 continentia:
1092 1133 1133 1192 ab
1146 1133 1201 1193 illo

198 1229 250 1306 qui
274 1230 353 1308 cepit
377 1232 521 1304 conditas,
543 1232 662 1292 abhoc
683 1229 735 1308 qui
757 1229 934 1290 constitutas
957 1230 1074 1308 accepit
1096 1245 1200 1308 captas
1217 1243 1248 1278 10

198 1326 303 1387 dicetis
318 1331 483 1405 Syracusas.

136 1430 183 1480 168
239 1413 318 1503 Ergo
342 1437 371 1486 et
394 1425 426 1485 hi
448 1426 563 1487 numeri
585 1426 644 1487 sint
668 1425 779 1503 cogniti
807 1437 836 1485 et
860 1446 954 1503 genus
978 1425 1052 1486 illud
1077 1425 1199 1486 tertium

196 1523 357 1600 explicetur
378 1527 465 1602 quale
486 1525 531 1599 sit,
553 1544 729 1586 numerosae
750 1535 780 1582 et
802 1535 890 1600 aptae
910 1522 1061 1584 orationis.
1105 1525 1199 1598 Quod

197 1620 248 1697 qui
276 1641 337 1680 non
365 1622 504 1695 sentiunt
534 1642 607 1700 quas
639 1622 721 1683 auris'
749 1621 880 1680 habeant
911 1632 963 1681 aut
990 1619 1064 1696 quid
1091 1619 1123 1678 in
1152 1621 1198 1680 his

196 1718 326 1778 hominis
348 1718 442 1779 simile
464 1718 501 1779 sit
521 1719 631 1779 nescio
676 1721 764 1778 Meae
779 1717 903 1794 quidem
922 1730 952 1778 et
971 1720 1245 1796 perfeetocom-15

195 1817 336 1893 pletoque
356 1817 514 1876 verborum
535 1817 650 1876 ambitu
671 1817 802 1894 gaudent
823 1827 854 1875 et
878 1827 961 1875 curta
983 1814 1115 1875 sentiunt
1140 1835 1198 1877 nec

195 1924 296 1972 amant
320 1914 525 1973 redundantia.
570 1913 652 1988 Quid
674 1913 743 1973 dico
767 1914 874 1972 meas?
916 1912 1082 1974 Contiones
1107 1923 1199 1990 saepe

195 2011 358 2070 exclamare
380 2009 449 2083 vidi,
467 2031 537 2070 cum
558 2020 627 2087 apte
648 2011 738 2070 verba
758 2009 945 2070 cecidissent.
990 2011 1027 2071 Id
1049 2009 1129 2069 enim
1146 2013 1199 2070 'ex-

194 2117 329 2183 spectant
350 2128 442 2180 aures
466 2120 498 2167 ut
519 2107 616 2168 verbis
637 2107 801 2184 conligetur
822 2106 977 2167 sententia.
1023 2109 1113 2166 ‘Non
1135 2120 1198 2168 erat

193 2205 252 2264 hoc
266 2206 346 2282 apud
361 2205 518 2281 antiquos!
560 2207 600 2263 Et
620 2204 742 2281 quidem
764 2203 839 2263 nihil
857 2203 939 2263 aliud
958 2205 1019 2263 fere
1038 2224 1100 2264 non
1114 2216 1198 2279 erat;
1213 2236 1247 2270 20

194 2322 264 2361 narn
279 2315 308 2362 et
320 2303 409 2362 verba
423 2303 571 2381 eligebant
585 2313 615 2362 et
629 2302 791 2362 sententias
805 2301 901 2379 gravis
916 2313 946 2361 et
960 2301 1058 2362 suavis
1072 2303 1199 2379 reperie-

132 2399 181 2466 169
194 2399 275 2471 bant,
291 2401 343 2459 sed
365 2420 415 2459 eas
436 2411 487 2459 aut
507 2399 678 2459 vinciebant
698 2412 749 2459 aut
769 2385 928 2476 explebant
946 2419 1059 2476 parurn.
1106 2402 1198 2460 ‘Hoc

194 2516 242 2556 me
267 2497 364 2573 ipsum
387 2499 531 2557 delectat’
556 2496 703 2573 inquiunt.
756 2495 838 2572 Quid
867 2495 892 2554 si
919 2495 1126 2573 antiquissima
1147 2497 1199 2557 illa

193 2595 307 2672 pictura
326 2615 488 2672 paucorum
511 2597 645 2655 colorum
667 2594 760 2671 magis
775 2614 865 2670 quam
888 2594 963 2653 haec
984 2592 1044 2652 iam
1064 2596 1199 2670 perfecta

192 2694 328 2765 delectet,
345 2692 394 2752 illa
415 2693 503 2754 nobis
525 2692 562 2752 sit
583 2694 674 2753 credo
695 2692 865 2769 repetenda,
884 2692 959 2751 haec
978 2690 1091 2751 scilicet
1111 2712 1198 2769 repu-
1213 2709 1243 2757 25

192 2789 320 2848 dianda!
364 2790 545 2849 Nominibus
559 2801 692 2849 veterum
711 2785 879 2864 gloriantur.
925 2787 1028 2846 Habet
1047 2800 1148 2848 autern
1162 2801 1198 2849 ut

192 2885 222 2945 in
245 2886 392 2946 aetatibus
420 2887 625 2947 auctoritatem
651 2899 797 2959 senectus,
821 2885 863 2944 sic
892 2883 923 2943 in
951 2885 1094 2962 exemplis
1122 2886 1198 2946 anti-

192 2983 297 3060 quitas,
314 3004 391 3060 quae
405 2984 526 3060 quidem
542 2986 622 3061 apud
638 3004 686 3043 me
706 2983 803 3061 ipsum
818 2984 896 3055 ¹valet
915 2981 1085 3058 plurimum.
1130 2983 1197 3043 Nec

192 3099 248 3156 ego
270 3079 301 3139 id
327 3083 409 3157 quod
432 3084 515 3141 deest
539 3079 708 3157 antiquitati
733 3079 834 3157 flagito
859 3078 959 3156 potius
984 3099 1075 3155 quam
1103 3080 1198 3141 laudo

192 3179 274 3255 quod
296 3189 359 3252 est;
382 3178 552 3255 praesertim
570 3198 639 3238 cum
660 3174 722 3258 [ea]
743 3176 854 3236 maiora
875 3175 1005 3235 iudicem
1027 3196 1104 3252 quae
1125 3191 1198 3239 sunt
1211 3192 1245 3241 30

192 3294 283 3352 quam
297 3275 347 3334 illa
367 3297 444 3352 quae
459 3278 575 3337 desunt.
620 3278 690 3334 Plus
710 3286 754 3334 est
776 3274 857 3334 enim
877 3273 907 3332 in
924 3273 1021 3334 verbis
1041 3273 1115 3333 etin
1131 3295 1197 3335 sen-

192 3372 291 3432 tentiis
320 3373 400 3446 boni,
430 3374 538 3450 quibus
567 3373 608 3432 illi
636 3374 791 3444 excellunt,
822 3392 912 3449 quam
940 3371 971 3429 in
1000 3371 1197 3434 conclusione

225 3543 240 3575 a
258 3529 334 3576 etiam
346 3527 371 3574 Α
386 3547 391 3576 :
409 3538 434 3578 et
447 3545 505 3576 eum
520 3528 540 3574 L
657 3543 687 3588 19
704 3526 859 3586 colligentur
869 3526 1014 3574 sententiae
1026 3523 1049 3571 L
1162 3541 1195 3575 ar

192 3594 347 3656 effingebant
359 3593 383 3640 A
485 3610 516 3654 24
534 3608 694 3656 quemquam
708 3592 799 3642 maluit
809 3590 903 3655 Stangl
1011 3605 1044 3653 30
1061 3607 1092 3640 ea
1103 3607 1153 3640 om.
1168 3593 1195 3642 A
