2588 4178
149 211 226 271 134²
461 201 504 258 M.
534 200 662 258 ‘rvtm
691 198 924 262 creutzerus

195 364 317 443 quentia
332 363 402 447 [est]
420 364 485 444 ipsa
501 386 533 427 se
547 377 651 444 postea
665 369 778 427 colorat
797 377 827 426 et
841 366 969 438 roborat,
985 384 1047 426 non
1061 364 1193 425 alienum

195 461 250 522 suit
277 464 316 523 de
340 462 463 531 oxatoris
491 463 575 541 quasi
603 462 792 524 incunabulis
819 463 926 524 dicere.
977 450 1090 523 Verum
1118 464 1194 522 haec

196 561 335 620 ludorum
349 573 439 638 atque
453 581 601 639 pompae;
622 580 677 622 nos
690 571 792 621 autem
807 559 866 620 iam
880 559 910 618 in
922 558 1018 620 aciem
1029 559 1194 620 dimicatio

197 676 328 735 nemque
341 657 503 718 veniamus.

150 725 185 864 :4
239 754 391 830 Quoniam
412 754 467 814 tria
487 755 617 816 videnda
638 768 707 816 sunt
728 754 853 816 oratori:
882 754 955 833 quid
980 753 1061 815 dicat
1081 765 1111 814 et
1132 765 1222 830 quos

197 852 330 930 quidque
344 856 411 914 loco
431 866 461 914 et
479 874 540 931 quo
560 857 660 928 mod0‚
676 854 839 915 dicendum
858 853 983 914 omnino
998 863 1043 913 est
1063 851 1137 930 quid
1156 850 1195 911 sit

196 950 343 1027 optimum
358 950 389 1010 in
403 950 535 1029 singulis,
550 953 603 1012 sed
621 951 775 1029 aliquanto
790 971 875 1011 secus
893 962 984 1029 atque
1003 949 1035 1009 in
1049 951 1195 1010 tradenda

195 1059 257 1107 arte
271 1047 331 1108 dici
352 1049 435 1108 solet.
479 1050 570 1108 Nulla
590 1059 749 1127 praecepta
761 1065 925 1126 ponemus,
941 1067 1040 1125 neque
1062 1046 1143 1107 enim
1162 1046 1194 1107 id

196 1144 391 1222 suscepimus,
405 1147 458 1206 sed
477 1145 647 1205 excellentis
664 1144 853 1222 eloquentiae
872 1144 1003 1222 speciem
1020 1154 1050 1203 et
1066 1146 1193 1204 sormam

195 1242 441 1302 adumbrabimus
451 1264 460 1317 ς
486 1263 543 1303 nec
564 1243 673 1321 quibus
694 1243 782 1304 rebus
804 1263 839 1304 ea
859 1253 978 1320 paretur
998 1260 1193 1318 exponemus,
1209 1267 1241 1302 ιο

151 1354 183 1403 44
197 1340 262 1399 sedv
275 1338 370 1417 qualis
393 1339 480 1400 nobis
505 1360 570 1401 esse
594 1339 736 1401 videatur.
780 1342 826 1400 Ac
850 1341 912 1400 duo
933 1338 1060 1400 breviter
1080 1337 1194 1416 prima3

196 1447 266 1496 sunt
289 1436 369 1497 enim
394 1456 456 1498 non
479 1448 540 1498 tam
563 1437 689 1516 insignia
712 1439 752 1498 ad
774 1437 934 1496 maximam
959 1438 1079 1496 laudem
1102 1455 1193 1513 quam

195 1533 360 1594 necessaria
374 1545 404 1594 et
418 1545 518 1596 tamen
533 1555 602 1595 cum
617 1534 718 1595 multis
732 1555 827 1612 paene
841 1533 1022 1595 communia.

237 1633 316 1690 Nam
331 1642 361 1691 et
375 1631 506 1693 invenire
521 1643 551 1692 et
565 1631 696 1692 iudicare
711 1631 784 1710 quid
795 1631 877 1692 dicas
889 1651 996 1709 magna
1010 1630 1059 1690 illa
1070 1629 1193 1707 quidem

196 1739 265 1787 sunt
279 1738 309 1788 et
324 1739 476 1805 tamquam
491 1728 583 1788 animi
598 1729 690 1789 instar
708 1729 738 1789 in
753 1749 887 1807 corpore,
903 1730 956 1789 sed
970 1727 1089 1806 propria
1100 1727 1193 1804 magis
1210 1751 1239 1800 15

195 1825 371 1902 prudentiae
399 1846 489 1903 quam
518 1826 724 1904 eloquentiae:
756 1847 816 1904 qua
843 1838 944 1886 tamen
972 1825 1003 1884 in
1031 1844 1121 1884 eausa
1149 1836 1195 1885 est

197 1943 288 1983 vacua
302 1923 481 2001 prudentia?
523 1924 648 1984 Noverit
666 1922 754 2002 igitur
770 1923 819 1984 hic
838 1923 961 2001 quidem
980 1935 1086 1994 orator,
1103 1942 1193 1999 quem

196 2040 347 2080 summum
368 2041 432 2082 esse
453 2010 599 2094 volumus,
617 2030 859 2099 argumentorum
880 2032 911 2081 et
931 2021 1079 2082 rationum
1101 2023 1192 2080 locos.

150 2134 181 2183 45
197 2119 276 2178 Nam
299 2117 449 2196 quoniam,
474 2118 618 2196 quicquid
640 2129 685 2179 est
707 2120 790 2197 quod
812 2118 843 2178 in
867 2117 1068 2179 controversia
1089 2128 1141 2177 aut
1161 2117 1193 2188 in

195 2214 388 2276 contentione
402 2227 541 2289 versetur,
556 2215 587 2275 in
607 2236 643 2276 eo
663 2227 714 2276 aut
728 2215 805 2277 sitne
823 2227 875 2275 aut
891 2215 965 2293 quid
979 2215 1017 2276 sit
1035 2227 1087 2276 aut
1103 2217 1193 2293 quale
1209 2234 1240 2270 20

195 2312 232 2372 sit
246 2312 396 2390 quaeritur
407 2312 539 2386 :-sitne,
556 2313 665 2391 signis3
686 2313 759 2391 quid
779 2312 824 2386 sit,
840 2312 1083 2389 definitionibus;
1104 2315 1193 2392 quale

195 2410 240 2484 sit,
256 2410 328 2471 recti
342 2410 483 2488 pravique
497 2410 648 2488 partibus3
669 2411 778 2489 quibus
792 2421 825 2471 ut
839 2410 882 2471 uti
901 2411 996 2488 possit
1009 2421 1115 2484 orator,
1131 2430 1194 2470 non

194 2507 243 2568 ille
257 2508 383 2585 vulgaris
398 2510 451 2568 sed
466 2503 518 2568 hic'
529 2511 684 2582 excellens,
697 2529 715 2568 a
728 2508 853 2586 propriis
867 2508 1002 2586 personis
1013 2519 1043 2568 et
1056 2508 1196 2585 tempori-

195 2606 252 2665 bus
272 2625 397 2683 semper,
421 2605 445 2665 si
466 2616 574 2682 potest,
596 2617 702 2667 avocet
722 2605 953 2668 controversiam
964 2627 972 2680 ;
1000 2605 1088 2665 latius
1112 2604 1193 2666 enim

195 2705 234 2763 de
262 2723 370 2780 genere
398 2722 490 2781 quam
519 2705 558 2764 de
585 2715 668 2781 parte
695 2703 862 2782 disceptare
889 2703 966 2776 licet,
991 2714 1024 2763 ut
1051 2704 1135 2781 quod
1163 2703 1195 2763 in
1210 2720 1239 2770 25

194 2799 333 2860 universo
354 2799 392 2859 sit
411 2800 571 2877 probatum
592 2800 623 2866 id
648 2799 679 2859 in
700 2811 783 2878 parte
804 2799 844 2860 sit
868 2800 987 2878 probari
1012 2819 1196 2875 necesse3—

148 2900 181 2964 4⁶
195 2899 269 2957 haec
291 2896 378 2974 igitur
398 2897 534 2974 quaestio
554 2917 573 2958 a
593 2896 718 2975 propriis
739 2896 874 2974 personis
895 2908 925 2957 et
949 2896 1133 2975 temporibus
1154 2898 1195 2958 ad

194 2994 323 3054 universi
350 2993 465 3071 generis
495 2996 641 3055 rationem
670 2996 806 3055 traducta
836 2997 1002 3072 appellatur
1026 2995 1111 3058 θέσις.
1156 2997 1195 3054 In

195 3096 251 3152 hac
266 3092 440 3153 Aristoteles
453 3092 655 3154 adulescentis
675 3112 738 3153 non
756 3094 796 3153 ad
813 3092 1061 3170 philosophorum
1079 3111 1195 3154 morem

226 3255 344 3307 gautenr
367 3248 417 3295 iam
440 3247 480 3295 F:
508 3253 594 3294 autem
619 3244 711 3295 OPM:
740 3253 825 3295 autem
848 3248 900 3296 secl.
919 3244 1014 3310 Stangl
1120 3263 1151 3310 ¹3
1168 3255 1196 3298 et

195 3313 334 3360 tamenL·
351 3321 377 3360 et
388 3309 477 3360 eadem
490 3312 590 3360 Halm:
606 3319 692 3360 tamen
702 3312 754 3362 secl
765 3311 848 3374 Soros
930 3315 1195 3376 16,17qua..pru·

195 3378 300 3426 dentia
294 3380 302 3416 ἲ
314 3377 366 3425 secl.
379 3376 536 3426 Lambinus:
561 3393 627 3439 quae
644 3392 694 3438 qua
712 3377 820 3439 Stangl.
843 3393 909 3439 quae
926 3349 1013 3427 tamen
1031 3380 1134 3427 incauta
1153 3385 1195 3428 est

194 3443 217 3491 si
236 3458 316 3492 vacua
336 3443 472 3504 prudentia
488 3441 611 3505 Madvig:
638 3458 704 3504 quae
724 3450 809 3491 tamen
832 3458 905 3492 cassa
927 3451 968 3492 est
988 3443 1057 3492 Bake
1163 3460 1195 3507 19

193 3509 312 3569 quoniam
333 3523 383 3556 om.
405 3506 440 3556 ed.
464 3505 556 3570 Venta,
577 3507 629 3557 secl.
648 3508 717 3570 ναῖς.
799 3523 831 3569 24
849 3509 953 3570 poterit,
971 3508 1087 3558 avocabit
1105 3508 1198 3558 maluit

193 3573 262 3622 Bake
359 3574 391 3622 28
407 3573 533 3622 rationem
544 3572 672 3622 Niaolr'us:
688 3573 832 3623 orationem
845 3574 867 3622 L
