2588 4178
560 204 725 265 BRVTVS
1099 202 1143 279 56
1156 225 1204 278 ὀὗ

141 390 175 433 se
189 374 254 450 lege
268 371 358 433 Varia
371 392 449 450 quae
463 371 639 446 inscribitur,
655 391 723 433 eam
737 372 771 433 L.
787 369 891 433 Aelius
905 370 1021 450 scripsit
1034 370 1143 434 Cottae

141 482 255 548 rogatu.
299 469 368 531 Fuit
381 470 407 531 is
421 469 546 532 omnino
553 469 598 530 vir
607 470 741 548 egregius
755 481 785 531 et
798 489 891 548 eques
903 472 1059 531 Romanus
1072 489 1142 530 curn

141 567 245 646 primis
263 569 408 629 honestus
427 567 569 647 idemque
586 566 803 629 eruditissimus
817 578 847 628 et
861 567 983 629 Graecis
996 566 1100 629 litteris
1113 578 1143 629 et

143 664 267 739 latinis,
296 664 542 744 antiquitatisque
568 677 688 727 nostrae
721 677 751 728 et
778 665 810 726 in
842 665 970 728 inventis
996 665 1086 726 rebus
1113 675 1144 726 et

112 761 173 841 5in
201 762 275 824 actis
302 763 540 842 scriptorumque
566 774 699 824 vetemm
727 763 853 826 litterate
879 763 999 842 peritus.
1043 764 1143 839 Quam

142 860 297 921 scientiam
322 863 418 922 Varro
445 872 546 923 noster
568 872 723 940 acceptam
750 862 789 923 ab
812 861 864 922 illo
884 872 1065 938 auctamque
1091 880 1144 939 per

142 979 216 1032 sese,
239 957 284 1018 vir
306 957 428 1037 ingenio
451 970 604 1037 praestans
626 959 770 1037 omnique
791 959 935 1032 doctrina,
957 958 1092 1037 pluribus
1113 968 1144 1019 et

142 1055 360 1118 inlustrioribus
384 1055 488 1117 litteris
509 1056 673 1134 explicavit
716 1058 777 1118 Sed
798 1056 878 1119 idem
900 1055 1004 1118 Aelius
1025 1054 1143 1118 Stoicus
1158 1064 1206 1116 206

143 1172 209 1214 esse
230 1153 332 1229 voluit,
356 1165 456 1214 orator
478 1165 579 1215 autern
603 1174 660 1216 nec
684 1154 799 1216 studuit
826 1174 969 1232 umquam
994 1173 1051 1214 nec
1077 1152 1141 1213 fuit.

98 1282 130 1319 ,ο
143 1250 299 1312 Scribebat
312 1263 414 1312 tamen
429 1251 670 1329 orationesque
683 1251 733 1312 alii
747 1251 899 1327 dicerent3
920 1263 953 1312 ut
967 1253 1005 1329 Q.
1019 1253 1144 1312 Metello

143 1351 205 1422 †F.,
228 1359 262 1409 ut
283 1349 321 1425 Q.
345 1348 499 1427 Caepioni,
522 1360 556 1411 ut
576 1350 614 1426 Q.
634 1350 781 1428 Pompeio
802 1352 892 1424 Rufo,
915 1367 1098 1428 quamquam
1119 1347 1144 1409 is

142 1446 233 1506 etiam
246 1446 311 1525 ipse
325 1446 441 1525 scripsit
455 1467 513 1520 eas,
529 1447 639 1525 quibus
652 1467 707 1526 pro
721 1468 754 1509 se
767 1459 813 1509 est
831 1468 910 1521 usus,
926 1449 981 1509 sed
997 1467 1060 1508 non
1079 1445 1143 1508 sine

142 1544 239 1607 Aelio.
283 1545 342 1605 His
364 1545 445 1606 enim
469 1545 585 1624 seriptis
608 1546 697 1607 etiam
720 1547 784 1625 ipse
806 1546 932 1620 interfui,
954 1567 1024 1616 cum
1045 1565 1142 1608 essem
1158 1564 1205 1619 207

141 1645 224 1722 apud
232 1643 352 1705 Aelium
364 1645 541 1705 adulescens
552 1652 682 1722 eumque
692 1644 796 1706 audire
806 1644 992 1724 perstudiose
1006 1647 1141 1706 solerem.

98 1769 129 1821 15
143 1743 264 1805 Cottam
283 1752 384 1802 autem
404 1740 494 1801 miror
512 1761 663 1802 summum
681 1742 779 1822 ipsum
795 1753 943 1804 oratorem
960 1741 1143 1820 minimeque

142 1840 277 1918 ineptum
292 1839 433 1901 Aelianas
447 1839 520 1901 levis
533 1841 733 1902 oratiunculas
746 1841 876 1902 voluisse
889 1839 1048 1902 existimari
1064 1859 1140 1901 suas.

143 1937 203 1998 His
223 1937 344 1998 duobus
365 1936 500 1998 eiusdem
521 1937 626 1999 aetatis
647 1940 899 2001 adnumerabatur
918 1958 1010 2000 nemo
1030 1937 1141 2014 tertius,
1155 1947 1194 2010 57

142 2037 196 2096 sed
216 2034 291 2095 mihi
311 2035 449 2112 placebat
470 2036 655 2114 Pomponius
677 2037 813 2111 maxime,
828 2039 875 2098 vel
895 2035 1006 2111 dicam,
1019 2035 1150 2098 minime'

142 2132 328 2211 displicebat.
372 2135 472 2193 Locus
492 2147 555 2195 erat
568 2133 694 2195 omnino
709 2135 742 2194 in
761 2133 896 2195 maximis
913 2134 1010 2195 causis
1028 2144 1143 2212 praeter

97 2261 131 2297 ao
143 2252 195 2294 eos
209 2234 248 2294 de
262 2231 372 2309 quibus
393 2251 482 2309 supra
499 2231 560 2293 dixi
578 2232 699 2306 nemini,
715 2245 870 2312 propterea
884 2235 968 2312 quod
981 2232 1140 2306 Antonius,

143 2330 195 2409 qui
216 2329 344 2390 maxime
365 2331 566 2408 expetebatur,
582 2329 676 2391 facilis
694 2330 725 2391 in
745 2331 842 2392 causis
862 2330 1040 2410 recipiendis
1062 2342 1124 2392 erat
1133 2353 1142 2406 3

141 2427 321 2489 fastidiosior
348 2428 483 2503 Crassus,
511 2429 564 2489 sed
592 2439 693 2490 tamen
720 2429 890 2508 recipiebat
941 2432 1061 2490 Horum
1089 2428 1141 2506 qui

142 2537 280 2587 neutrum
305 2525 443 2599 habebat,
469 2526 660 2605 confugiebat
682 2529 723 2588 ad
748 2527 920 2606 Philippum
944 2529 1005 2587 fere
1029 2537 1080 2587 aut
1101 2527 1141 2587 ad

143 2625 320 2698 Caesarem3
340 2624 469 2687 teottat
484 2624 632 2701 Sulpicius
646 2626 868 2704 expetebantur.
912 2626 960 2685 Ita
973 2626 1012 2686 ab
1029 2623 1076 2684 his
1091 2643 1142 2685 sex

98 2749 110 2784 2
114 2751 127 2801 5
142 2719 274 2798 patronis
288 2739 395 2780 causae
405 2719 543 2781 inlustres
555 2722 720 2800 agebantur
728 2744 737 2798 ;
757 2743 856 2801 neque
867 2734 927 2782 tam
943 2724 1036 2781 multa
1049 2740 1140 2799 quam

141 2831 243 2879 nostra
262 2828 359 2878 aetate
379 2818 490 2881 iudicia
510 2819 630 2894 fiebant,
646 2840 745 2898 neque
764 2822 824 2882 hoc
845 2822 928 2898 quod
948 2840 1030 2880 nunc
1051 2820 1091 2893 fit,
1109 2830 1141 2879 ut

141 2936 248 2978 causae
262 2916 395 2994 singulae
409 2919 640 2979 defenderentur
652 2938 671 2978 a
684 2919 825 2996 plufibus‚
836 2938 898 2996 quo
911 2918 986 2978 nihil
1000 2929 1045 2979 est
1058 2917 1142 2979 vitio

140 3014 210 3075 sius.
237 3017 468 3094 Respondemus
482 3016 525 3077 eis
536 3037 612 3094 quos
626 3036 689 3078 non
698 3016 884 3077 audivimus:
898 3017 999 3095 inquo
1010 3015 1140 3094 primum
1155 3021 1203 3068 208

141 3133 230 3192 saepe
243 3113 327 3173 aliter
341 3126 386 3174 est
400 3113 514 3175 dictum
527 3115 612 3176 aliter
625 3116 664 3175 ad
678 3134 734 3176 nos
751 3117 894 3190 retatum3
915 3114 1026 3176 deinde
1041 3113 1141 3193 magni

173 3269 311 3318 BStoicus
332 3283 391 3317 esse
418 3268 499 3318 voluit
520 3269 566 3318 vul
582 3287 608 3319 ,ε
633 3268 737 3319 Stoicus
757 3270 838 3319 voluit
855 3269 897 3319 L:
922 3269 1026 3319 Stoicus
1043 3271 1140 3320 studuit

141 3334 263 3385 Maura:
280 3333 395 3383 Stoicum
410 3349 439 3384 se
454 3334 533 3384 voluit
546 3285 640 3400 Siaugl
737 3350 764 3383 11
782 3336 814 3386 L.
833 3335 859 3386 F.
873 3335 995 3385 Martha:
1014 3336 1139 3386 Balearici

141 3401 195 3450 filio
212 3401 355 3450 Lambinus
436 3399 563 3462 Caepioni
574 3401 662 3465 vulg.t
679 3400 845 3464 CaepioneL
924 3415 954 3461 13
971 3403 1074 3465 scriptis
1085 3418 1136 3452 om.

142 3465 193 3516 0¹:
210 3466 354 3515 scribendis
365 3463 527 3515 Lambinus:
544 3466 715 3522 scribentibus
731 3466 843 3531 Kraffm
940 3483 972 3528 24
986 3473 1045 3532 poci
1060 3468 1138 3517 Cotta

142 3530 319 3594 Sulpiciusque
341 3532 529 3593 expetebantur
549 3530 668 3583 Mariua:
698 3533 782 3580 rarius
805 3532 881 3582 Cotta
902 3538 926 3581 et
950 3533 1077 3595 Sulpicius
1095 3548 1139 3582 ex·

142 3597 296 3659 petebantur
305 3596 450 3646 Eberhard:
467 3601 523 3646 tum
536 3597 566 3646 C.
578 3603 602 3646 ef
617 3596 644 3646 S.
658 3598 846 3661 expetebantur
855 3596 966 3648 Piderit:
983 3599 1059 3648 Cotta
1071 3613 1136 3663 raro,

141 3663 226 3711 rarius
236 3662 263 3712 S.
278 3662 448 3725 expetebatur
457 3660 568 3728 Stangl:
584 3664 630 3712 alii
638 3664 689 3713 alia
810 3670 813 3675 ’
