2588 4178
566 217 730 278 axvvvs
1108 220 1207 292 5⁸2„

149 380 272 455 iudicas,
288 385 386 442 Brute.
428 385 549 444 Etenim
565 384 648 444 istius
662 404 755 462 genus
770 395 814 444 est
828 405 864 443 ex
879 384 970 460 ipsius
985 384 1147 462 sapientiae

147 477 238 555 stirpe
260 493 440 556 generatum.
484 485 564 542 Nam
587 495 617 543 et
641 485 680 544 de
701 483 820 543 duobus
844 481 906 541 avis
927 481 986 540 iam
1008 482 1145 555 diximus,

148 576 288 653 Scipione
309 590 339 638 et
358 580 474 652 Crasso,
491 591 520 640 et
541 582 580 641 de
601 581 694 642 tribus
715 581 840 658 proavis,
856 581 894 655 Q.
913 582 1045 650 Metello,
1061 580 1145 640 cuius

147 685 287 750 quattuor
306 678 355 736 illi
369 676 428 751 filii,
442 680 474 737 P.
491 678 637 756 Scipione,
654 678 706 756 qui
725 698 761 738 ex
780 678 935 739 dominatu
955 678 1001 736 Ti.
1019 677 1146 738 Gracchi

119 786 132 834 5
147 771 277 849 privatus
292 774 322 832 in
338 775 504 835 libertatem
518 796 581 835 rem
598 775 750 853 publicam
764 774 932 847 vindicavit,
949 775 987 849 Q.
1004 776 1146 835 Scaevola

146 889 264 947 augure,
282 871 332 948 qui
346 872 541 950 peritissimus
556 873 626 932 iuris
641 873 781 950 idemque
796 871 943 950 percomis
957 883 1002 932 est
1016 872 1143 932 habitus.

148 969 212 1026 Iam
228 970 355 1028 duorum
370 970 531 1030 abavorum
547 991 636 1047 quam
652 983 696 1030 est
710 969 835 1029 inlustre
849 990 968 1041 nomen,
985 971 1017 1028 P.
1034 969 1145 1046 Scipio
1161 981 1208 1030 ²¹3

145 1065 200 1139 nis,
224 1067 342 1143 quibis
364 1071 468 1129 consul
490 1070 553 1141 luit,
575 1069 626 1146 qui
647 1081 692 1129 est
713 1070 875 1130 Corculum
897 1068 1003 1139 dictuS,
1025 1068 1145 1127 alterius

145 1163 282 1223 omniurn
317 1165 534 1243 sapientissimi,
565 1168 599 1228 C.
630 1165 794 1226 Laeli—O
821 1185 1004 1242 generosam,
1038 1164 1143 1242 inquit,

103 1286 132 1320 ro
145 1261 266 1338 stirpem
285 1273 314 1322 et
333 1275 486 1340 tamquam
505 1263 536 1323 in
558 1283 648 1323 unam
670 1264 806 1323 arborem
826 1265 910 1339 plura
928 1281 1043 1339 genera,
1057 1261 1099 1322 sic
1114 1261 1145 1321 in

145 1358 232 1417 istam
244 1361 370 1419 domum
381 1363 542 1420 multorum
557 1360 675 1420 insitam
686 1357 788 1441 [atque
799 1356 1019 1439 inluminatam]
1032 1359 1145 1437 sapien·

145 1455 217 1514 tiam
232 1457 419 1518 l-Similiter
430 1457 517 1534 igitur
526 1457 667 1535 suspicor,
678 1468 711 1517 ut
722 1459 908 1517 conseramus
919 1476 1009 1534 parva
1020 1455 1143 1534 magnis,
1157 1456 1198 1515 59

146 1553 294 1627 Curionis
305 1554 360 1615 etsi
374 1554 504 1632 pupillus
515 1555 634 1615 relictus
645 1567 697 1629 est,
708 1555 804 1632 patrio
815 1554 905 1614 luisse
919 1554 1055 1623 instituto
1069 1574 1144 1631 puro

145 1671 283 1712 sermone
297 1655 499 1712 adsuefactam
511 1654 635 1713 domum
646 1675 655 1727 ;
676 1663 705 1712 et
717 1672 754 1712 eo
769 1651 861 1728 magis
876 1653 934 1712 hoc
949 1651 1050 1712 iudico
1061 1654 1144 1728 quod

100 1774 130 1824 15
145 1751 297 1810 neminem
315 1772 351 1811 ex
365 1751 411 1810 bis
426 1751 556 1828 quidem,
573 1750 624 1827 qui
645 1750 746 1826 aliquo
765 1748 795 1808 in
814 1769 940 1810 numero
954 1751 1081 1822 fuerunt,
1097 1768 1144 1809 co

143 1848 233 1925 gnovi
248 1848 278 1907 in
294 1849 376 1909 omni
389 1869 497 1926 genere
511 1851 702 1908 honestarum
713 1847 820 1907 artium
832 1859 892 1907 tam
907 1847 1071 1919 indoctum,
1082 1857 1142 1906 tam

143 1947 257 2005 rudem.
302 1948 426 2005 Nullum
441 1945 489 2005 ille
504 1956 623 2023 poetam
643 1957 773 2018 noverat,
789 1947 904 2004 nullum
924 1947 1032 2021 legerat
1050 1955 1144 2003 orato·
1159 1962 1206 2010 214

144 2063 216 2117 rem,
232 2045 344 2103 nullam
364 2043 538 2104 memoriam
558 2043 742 2120 antiquitatis
761 2043 929 2118 conlegerat
939 2063 948 2115 ;
968 2061 1030 2100 non
1049 2040 1143 2117 publi·

145 2159 214 2198 cum
226 2140 280 2213 ius,
291 2161 352 2200 non
367 2140 513 2218 privatum
525 2153 554 2201 et
566 2139 651 2200 civile
662 2150 849 2217 cognoverat.
880 2139 1072 2214 Quamquam
1085 2138 1142 2197 hoc

100 2258 133 2294 20
145 2238 267 2313 quidem
283 2238 338 2298 fuit
352 2239 441 2298 etiam
457 2238 486 2296 in
501 2238 565 2297 aliis
576 2250 606 2298 et
621 2237 734 2315 magnis
745 2236 867 2313 quidem
882 2235 1055 2307 oratoribus
1067 2255 1142 2311 quos

144 2355 248 2411 parum
269 2336 315 2395 his
334 2336 493 2395 instructos
512 2335 623 2395 artibus
641 2334 777 2406 vidimus,
794 2346 826 2393 ut
846 2332 1021 2409 Sulpicium,
1035 2344 1067 2391 ut
1082 2335 1142 2390 An-

144 2432 268 2492 tonium.
312 2435 371 2494 Sed
387 2433 414 2493 ei
428 2445 529 2492 tamen
546 2452 640 2491 unum
662 2431 735 2491 illud
752 2431 904 2490 habebant
923 2428 1045 2489 dicendi
1066 2448 1141 2505 opus

143 2530 348 2604 elaboratum
377 2530 469 2607 idque
493 2539 739 2612 cumconstaret
763 2548 799 2587 ex
823 2526 956 2603 quinque
980 2525 1141 2585 notissimis

144 2624 284 2701 partibus,
302 2646 391 2686 nemo
405 2625 436 2684 in
450 2627 550 2701 aliqua
564 2636 646 2701 parte
661 2643 761 2684 earum
776 2622 900 2682 omnino
915 2621 989 2680 nihil
1007 2631 1140 2698 poterat:

99 2744 130 2795 ²5
144 2721 174 2779 in
197 2742 386 2800 quacumque
406 2721 487 2782 enim
508 2743 568 2782 una
589 2725 677 2800 plane
698 2722 857 2792 clauderet,
876 2729 975 2778 orator
995 2738 1059 2777 esse
1078 2738 1140 2779 non

143 2831 263 2895 posset3
284 2821 337 2880 sed
352 2832 452 2879 tamen
466 2819 540 2878 alius
556 2818 586 2878 in
600 2819 657 2878 alia
675 2817 836 2878 excellebat
856 2815 957 2893 magis
1001 2815 1140 2891 Reperie·
1155 2832 1201 2881 215

143 2916 193 2975 bat
208 2917 280 2994 quid
296 2916 355 2977 dici
369 2937 444 2993 opus
459 2927 537 2976 esset
551 2928 580 2976 et
595 2936 656 2993 quo
667 2917 759 2975 modo
774 2913 939 2992 praeparari
953 2924 983 2973 et
997 2932 1058 2990 quo
1073 2915 1140 2973 loco

142 3014 239 3086 locari,
261 3013 463 3090 memoriaque
484 3034 520 3074 ea
540 3012 775 3090 comprendebat
796 3011 953 3084 Antonius,
977 3012 1140 3071 excellebat

140 3122 241 3171 autem
266 3110 402 3184 actione,
433 3108 601 3191 erant[que]
623 3109 651 3170 ei
671 3111 820 3187 quaedam
842 3129 877 3168 ex
899 3108 946 3167 his
968 3107 1049 3185 paria
1069 3128 1137 3168 cum

174 3285 189 3325 4
206 3273 327 3326 quattuor
338 3265 375 3313 illi
388 3265 431 3312 filii
448 3264 537 3323 Jahn:
560 3273 680 3324 quattuor
688 3262 733 3312 filii
745 3262 784 3311 L:
810 3272 931 3323 quattuor
942 3264 987 3311 filii
1000 3264 1140 3312 consulares

142 3331 236 3392 Campe
346 3345 373 3378 11
391 3338 467 3390 atque
479 3327 687 3378 inluminatamL
706 3330 769 3391 (secl.
783 3329 908 3390 Kayser):
931 3335 1008 3389 atque
1025 3329 1139 3377 innatam

139 3394 248 3444 Sakatia:
266 3403 344 3457 atque
355 3394 533 3444 inseminatam
544 3393 648 3456 Stangl:
665 3393 711 3442 alii
719 3395 768 3442 alra
843 3409 872 3454 19
885 3395 934 3442 hoc
945 3395 1014 3455 vulg.
1025 3411 1031 3441 :
1048 3394 1089 3442 hic
1101 3393 1137 3443 F:

140 3461 201 3509 idC
305 3477 337 3521 24
355 3458 453 3524 [parte]
466 3475 552 3508 earum
568 3458 665 3508 Vassis:
684 3459 793 3520 partium
805 3474 892 3507 earum
903 3457 999 3521 Stangl
1106 3473 1138 3519 27

140 3525 288 3638 qrgeparari
300 3526 384 3640 «ἕως
404 3539 557 3589 praeparare
576 3523 615 3573 L:
640 3525 759 3588 apparari
773 3524 866 3588 Campa
963 3540 995 3587 29
1012 3530 1138 3586 erantque

194 3600 293 3642 :erant
