2588 4178
351 195 639 256 PARTITIONES
667 195 921 256 ORATORIAE
1103 208 1180 269 1553

136 364 236 422 nenda
257 372 334 435 sunt,
350 382 428 439 quae
448 361 506 421 vim
525 363 655 423 habeant
675 361 851 423 inlustrandi
871 383 926 422 nec
946 363 1058 423 abusu
1078 361 1136 420 sint

135 459 332 534 abhorrentia,
342 458 440 537 gravia
453 462 542 537 plena
553 459 698 533 sonantia,
712 459 814 520 iuncta
826 462 904 520 facta
917 458 1134 537 cognominata,

137 578 198 618 non
207 557 337 634 vulgaria
351 559 497 636 supralata
508 557 538 616 in
550 556 712 634 primisque
723 560 870 618 translata.
902 557 1030 617 Haecin
1042 556 1138 633 singu-

136 655 172 715 lis
191 655 288 715 verbis
298 676 306 728 ;
327 657 380 715 sed
402 654 433 713 in
453 654 676 715 continentibus
697 658 804 730 soluta,
818 676 895 733 quae
915 655 1055 715 dicuntur
1074 654 1138 714 sine

109 749 357 822 sconiunctione,
387 761 420 809 ut
447 752 531 827 plura
558 749 720 809 videantur.
777 752 896 827 Augent
927 750 1015 810 etiarn
1049 750 1139 807 relata
1154 761 1185 809 54

138 849 229 908 verba
249 847 353 907 iterata
372 846 525 925 duplicata
545 858 574 906 et
595 867 631 907 ea
647 867 724 923 quae
744 849 911 908 ascendunt
931 847 1075 925 gradatim
1100 844 1139 904 ab

138 943 346 1004 humilioribus
368 941 490 1025 [verbis]
511 945 550 1004 ad
571 943 729 1021 superiora,
749 944 934 1023 omninoque
958 964 1075 1021 semper
1096 955 1141 1004 est

140 1041 225 1119 quasi
239 1041 380 1101 naturalis
394 1053 423 1101 et
437 1061 499 1100 non
514 1044 670 1118 explanata
690 1041 792 1115 oratio,
808 1043 861 1102 sed
879 1041 1015 1118 gravibus
1037 1043 1141 1102 referta

140 1140 246 1212 verbis,
258 1141 297 1200 ad
311 1135 481 1217 augendum
495 1138 757 1199 accommodatior.
789 1142 876 1200 Haec
890 1139 977 1217 igitur
990 1139 1020 1198 in
1035 1138 1140 1211 verbis,

98 1258 128 1292 10
141 1237 251 1315 quibus
264 1236 343 1296 actio
358 1234 451 1318 [vocis
471 1249 500 1296 et
520 1233 633 1317 gestus]
652 1256 818 1314 congruens
835 1249 864 1297 et
882 1248 953 1315 apta
970 1238 1009 1297 ad
1026 1236 1143 1296 animos

141 1337 360 1412 permovendos
383 1335 612 1394 accommodata
639 1344 691 1394 est.
734 1335 794 1394 Sed
821 1345 851 1394 et
878 1333 909 1393 in
931 1333 1028 1395 verbis
1056 1344 1085 1393 et
1113 1332 1144 1392 in

141 1433 259 1493 actione
281 1453 371 1493 causa
393 1432 447 1492 erit
468 1433 664 1510 ponderanda
685 1442 715 1492 et
735 1452 789 1510 pro
810 1453 842 1492 re
862 1434 1020 1510 agendum.
1064 1434 1144 1492 Nam

143 1532 218 1590 haec
240 1529 310 1607 quia
331 1529 470 1590 videntur
492 1530 681 1607 perabsurda‚
705 1550 774 1589 cum
802 1529 934 1606 graviora
957 1541 1027 1590 sunt
1054 1548 1143 1607 quam

142 1648 233 1687 causa
247 1630 309 1699 sert,
325 1626 481 1704 diligenter
494 1626 568 1704 quid
582 1647 733 1704 quamque
754 1629 860 1688 deceat
880 1627 1074 1688 iudicandum
1091 1639 1144 1686 est.

100 1747 110 1779 r
115 1747 129 1795 5
144 1725 257 1782 Rerum
272 1733 372 1781 autem
386 1720 578 1797 amplificatio
592 1720 717 1780 sumitur
731 1720 843 1782 eisdem
859 1742 895 1782 ex
908 1720 981 1781 locis
996 1719 1144 1792 omnibus,
1160 1703 1173 1745 ¹

144 1818 285 1897 equibus
303 1818 352 1878 illa
371 1838 448 1896 quae
462 1817 543 1879 dicta
561 1829 630 1878 sunt
648 1820 686 1879 ad
706 1820 818 1879 fidem:
840 1819 1028 1896 maximeque
1049 1821 1147 1879 valent
1160 1789 1192 1842 ⁵⁵

144 1929 174 1977 et
197 1915 386 1976 definitiones
407 1917 604 1993 conglobatae
628 1927 658 1975 et
680 1916 928 1995 consequentium
950 1914 1148 1994 frequentatio

145 2028 175 2075 et
203 2013 414 2075 contrariarum
442 2025 472 2073 et
499 2012 686 2073 dissimilium
720 2025 749 2074 et
777 2013 853 2074 inter
886 2035 918 2074 se
952 2013 1147 2092 pugnantlum

146 2133 243 2173 rerum
258 2110 410 2172 conflictio
424 2123 453 2171 et
470 2131 578 2171 causae
599 2131 694 2188 eaque
713 2132 790 2188 quae
810 2124 880 2171 sunt
901 2123 965 2172 orta
983 2114 1022 2172 de
1043 2110 1148 2182 causis,

102 2232 134 2266 20
148 2210 336 2286 maximeque
349 2207 558 2270 similitudines
572 2221 601 2269 et
615 2212 751 2287 exempla
763 2232 771 2284 ;
791 2212 878 2270 fictae
892 2209 981 2270 etiam
996 2228 1148 2287 personae,

148 2321 231 2368 muta
247 2307 378 2384 denique
398 2310 565 2384 loquantur,
582 2306 767 2384 omninoque
787 2329 823 2367 ea
841 2319 910 2367 sunt
930 2306 1110 2384 adhibenda,
1127 2305 1151 2366 si

147 2427 238 2468 causa
259 2404 377 2483 patitur,
400 2425 477 2482 quae
500 2394 647 2465 habentur
674 2426 789 2483 magna,
813 2426 941 2483 quorum
969 2417 1014 2465 est
1041 2405 1151 2481 duplex

147 2524 250 2581 genus,
293 2501 361 2562 Alia
375 2501 455 2562 enim
470 2514 574 2562 natura
590 2522 697 2581 magna
711 2502 854 2575 videntur,
870 2502 928 2562 alia
941 2522 1018 2577 usu,
1039 2513 1151 2576 natura,
1167 2516 1199 2582 5⁶

149 2614 182 2661 ut
210 2599 355 2672 caelestia,
385 2611 418 2659 ut
445 2599 553 2672 divina,
583 2612 615 2659 ut
643 2620 679 2659 ea
706 2620 832 2677 quorum
863 2600 1008 2660 obscurae
1036 2619 1151 2672 causae,

105 2725 135 2775 ²5
150 2711 182 2760 ut
205 2699 236 2759 in
264 2697 346 2758 terris
374 2699 548 2775 mundoque
570 2697 756 2758 admirabilia
777 2718 853 2774 quae
881 2710 959 2771 sunt,
982 2718 1018 2758 ex
1045 2697 1155 2775 quibus

149 2797 364 2872 similibusque,
377 2795 402 2855 si
415 2797 560 2869 attendas,
575 2797 615 2855 ad
629 2797 800 2873 augendum
814 2798 960 2873 permulta
974 2807 1136 2873 suppetunt
1148 2817 1156 2869 3

151 2916 215 2967 usu,
245 2914 322 2970 quae
356 2893 495 2953 videntur
522 2892 693 2952 hominibus
720 2904 771 2952 aut
799 2894 940 2970 prodesse
967 2905 1018 2953 aut
1049 2893 1156 2954 obesse

150 2991 366 3064 vehementius,
389 3010 516 3067 quorum
541 3001 610 3050 sunt
634 3010 742 3068 genera
761 2992 801 3051 ad
822 2990 1067 3069 amplificandum
1092 2991 1154 3051 tria.

153 3093 232 3150 Nam
247 3101 299 3149 aut
313 3088 434 3149 caritate
449 3100 605 3148 moventur
618 3087 763 3161 homines,
780 3100 813 3148 ut
832 3091 968 3162 deorum,
984 3100 1017 3149 ut
1035 3087 1154 3167 patriae,

107 3213 139 3263 30
154 3201 186 3249 ut
213 3199 391 3265 parentum;
424 3196 476 3246 aut
502 3206 612 3259 amore,
641 3196 675 3245 ut
701 3187 830 3260 fratrum,
860 3198 893 3246 ut
925 3185 1095 3264 coniugum,
1125 3199 1157 3247 ut

154 3286 323 3358 liberorum,
338 3296 371 3344 ut
385 3283 592 3358 familiarium
612 3295 664 3344 aut
685 3286 849 3357 honestate,
865 3296 898 3343 ut
914 3283 1055 3344 virtutum
1070 3284 1159 3344 maxi-

187 3457 201 3503 7
217 3441 303 3490 verbis
314 3441 365 3490 secl.
379 3439 489 3489 setara:
505 3455 555 3489 om.
569 3439 619 3490 cod.
633 3440 648 3487 b
824 3455 854 3489 ro
871 3441 941 3488 vocis
958 3447 984 3488 et
1001 3447 1090 3502 gestus
1104 3440 1157 3489 sesl.

153 3506 268 3570 Sauppe:
286 3507 359 3554 vobis
368 3513 394 3554 et
405 3514 494 3568 gestus
503 3504 529 3553 P
626 3507 656 3552 16
673 3505 871 3554 etdefinitiones
881 3505 968 3554 valent
979 3506 1047 3568 vulg.
1060 3523 1066 3554 :
1078 3511 1161 3554 trans-

151 3574 235 3636 posuit
246 3572 367 3620 Fn'edn'clr
460 3587 490 3634 19
506 3571 661 3620 conflictatio
673 3569 849 3620 PLambimrs
860 3570 903 3635 (cs.
922 3576 934 3631 5
956 3571 1013 3634 104)
1088 3585 1117 3631 3¹
1133 3578 1161 3620 ut

156 3644 225 3702 (ante
236 3637 309 3700 farn.)
321 3653 372 3686 om.
384 3636 410 3685 P
