2588 4178
367 217 656 279 PARTITIONES
685 217 938 279 ORATORIAE
1116 233 1156 277 aa
1170 225 1202 294 ⁷⁶

151 385 326 460 appellatur,
340 387 414 446 haec
428 386 553 447 scientia
566 389 658 464 pollet
672 406 740 447 una.
780 390 867 464 Quae
881 405 951 446 vero
966 385 1156 448 moderandis

152 481 365 559 cupiditatibus
384 484 581 562 regendisque
599 484 692 545 animi
713 484 844 545 motibus
863 486 1008 558 laudatur,
1027 483 1091 544 eius
1111 495 1156 545 est

152 598 261 640 munus
282 579 313 640 in
334 583 452 658 agendo
463 603 472 656 ;
501 582 549 642 cui
574 582 788 659 temperantiae
812 601 924 643 nomen
946 592 1001 642 est.
1056 584 1156 659 Atque

151 676 202 736 illa
226 677 385 755 prudentia
405 678 437 738 in
459 679 520 740 suis
543 680 631 740 rebus
653 680 826 753 domestica,
853 679 883 739 in
912 678 1039 757 publicis
1063 677 1156 740 civilis

122 775 293 852 sappellari
314 777 397 837 solet.
440 777 652 854 Temperantia
672 789 771 838 autem
793 777 824 837 in
845 797 913 838 suas
934 776 1038 837 itidem
1059 797 1105 837 res
1126 788 1156 837 et
1171 791 1201 848 77

151 872 182 932 in
210 892 386 934 communes
414 874 572 935 distributa
598 886 643 936 est
670 876 851 952 duobusque
878 873 976 935 modis
1003 873 1035 934 in
1067 875 1156 935 rebus

151 970 320 1031 commodis
352 972 488 1046 cernitur,
518 983 549 1033 et
580 992 616 1032 ea
643 977 721 1050 quae
750 973 861 1034 absunt
893 992 955 1032 non
988 974 1156 1049 expetendo

151 1080 181 1129 et
203 1069 242 1129 ab
265 1068 307 1130 eis
330 1089 407 1146 quae
435 1069 465 1130 in
494 1081 641 1148 potestate
669 1081 738 1131 sunt
762 1069 950 1131 abstinendo.
1003 1072 1040 1130 In
1068 1070 1157 1130 rebus

152 1163 284 1248 [autem]
293 1165 495 1229 incommodis
509 1180 554 1229 est
568 1167 672 1229 itidem
687 1169 817 1246 duplex:
839 1187 909 1227 nam
924 1187 1001 1244 quae
1015 1166 1158 1228 venienti-

106 1264 209 1324 robus
233 1264 319 1326 malis
344 1266 450 1339 obstat,
477 1265 628 1339 fortitudo,
652 1285 730 1343 quae
754 1263 919 1342 quodiam
942 1267 1028 1325 adest
1052 1267 1157 1326 tolerat

150 1373 181 1422 et
209 1365 324 1441 perfert,
355 1363 497 1443 patientia
524 1363 703 1424 nominatur.
747 1364 834 1439 Quae
863 1372 965 1423 autem
993 1365 1067 1423 haec
1095 1382 1157 1423 uno

149 1478 258 1537 genere
285 1462 501 1541 complectitur,
526 1461 701 1539 magnitudo
724 1460 818 1520 animi
845 1460 953 1521 dicitur
965 1483 973 1534 ;
1002 1459 1087 1520 cuius
1111 1470 1156 1520 est

149 1556 309 1620 liberalitas
323 1558 354 1620 in
369 1580 425 1621 usu
439 1558 585 1638 pecuniae
605 1558 755 1635 simulque
774 1557 902 1618 altitudo
918 1557 1010 1617 animi
1031 1557 1061 1617 in
1079 1558 1157 1635 capi·

149 1655 236 1716 endis
260 1656 461 1719 incommodis
483 1669 513 1718 et
535 1655 664 1721 maxime
688 1654 800 1716 iniuriis
824 1666 855 1716 et
882 1675 973 1716 omne
1000 1658 1083 1733 quod
1111 1668 1156 1717 est

104 1769 135 1821 15
149 1752 213 1813 eius
235 1755 351 1832 generis
376 1753 475 1836 [grave
497 1756 634 1815 sedatum
657 1773 719 1814 non
743 1749 969 1833 turbulentum}
1014 1754 1051 1812 In
1076 1773 1156 1813 com·
1170 1763 1200 1829 ⁷⁸

150 1851 294 1913 munione
311 1863 412 1914 autem
433 1872 511 1930 quae
529 1851 627 1929 posita
644 1871 712 1929 pars
731 1861 784 1923 est,
800 1849 911 1911 iustitia
931 1849 1039 1911 dicitur
1060 1870 1156 1928 eaque

148 1969 217 2027 erga
231 1951 306 2011 deos
320 1950 430 2029 religio,
441 1970 509 2028 erga
523 1961 660 2027 parentes
674 1948 769 2026 pietas
784 1946 885 2030 [vulgo
899 1960 999 2009 autem
1011 1945 1153 2029 bonitas],

148 2046 268 2109 creditis
292 2047 324 2107 in
352 2049 440 2110 rebus
468 2049 553 2121 fides,
575 2047 606 2106 in
634 2045 840 2108 moderatione
866 2045 958 2106 animi
980 2045 1155 2107 advertendi

148 2143 263 2219 lenitas,
292 2145 423 2206 amicitia
450 2144 482 2205 in
510 2143 718 2206 benevolentia
745 2142 923 2204 nominatur.
972 2146 1074 2220 Atque
1098 2146 1155 2204 hae
1168 2156 1207 2216 23

103 2265 137 2302 ao
150 2240 274 2319 quidem
301 2242 423 2303 virtutes
445 2253 607 2303 cernuntur
630 2240 661 2300 in
683 2243 809 2319 agendo
852 2242 928 2301 Sunt
951 2235 1052 2301 autem
1079 2240 1155 2302 aliae

149 2339 235 2417 quasi
249 2340 400 2401 ministrae
421 2340 607 2417 comitesque
627 2338 811 2416 sapientiae;
831 2357 957 2415 quarum
973 2340 1065 2398 altera
1078 2358 1155 2416 quae

147 2437 207 2498 sint
228 2437 259 2498 in
280 2438 463 2516 disputando
484 2457 552 2499 vera
572 2449 662 2516 atque
683 2438 756 2497 falsa
769 2436 939 2514 quibusque
956 2435 1060 2514 positis
1081 2435 1154 2513 quid

147 2547 289 2613 sequatur
309 2535 464 2614 distinguit
484 2546 515 2596 et
529 2534 649 2608 iudicat,
665 2554 743 2612 quae
762 2533 855 2594 virtus
873 2533 971 2595 omnis
989 2533 1021 2593 in
1040 2533 1155 2594 ratione

147 2632 332 2711 scientiaque
345 2632 518 2712 disputandi
532 2633 589 2694 sita
602 2644 655 2707 est,
671 2635 763 2714 altera
776 2643 877 2692 autem
892 2631 1026 2693 oratoria
1070 2631 1153 2692 Nihil
1169 2644 1199 2701 79

102 2715 134 2805 αξ
147 2742 192 2791 est
215 2730 296 2792 enim
319 2730 402 2793 aliud
424 2730 595 2809 eloquentia
618 2729 674 2791 nisi
695 2729 817 2807 copiose
841 2732 968 2807 loquens
991 2729 1154 2807 sapientia;

146 2848 225 2906 quae
239 2849 275 2890 ex
289 2830 397 2890 eodem
413 2831 519 2888 hausta
534 2848 652 2906 genere,
667 2848 728 2906 quo
749 2827 799 2887 illa
818 2847 896 2905 quae
915 2827 946 2886 in
960 2826 1155 2904 disputando,

145 2937 192 2986 est
216 2925 335 2987 uberior
356 2937 448 3003 atque
472 2925 558 2986 latior
582 2935 612 2986 et
635 2927 675 2986 ad
697 2936 797 2986 motus
821 2925 989 2985 animorum
1014 2924 1154 3002 vulgique

146 3043 252 3085 sensus
279 3023 542 3085 accommodatior.
600 3025 710 3086 Custos
741 3044 811 3084 vero
843 3023 984 3084 virtutum
1017 3021 1153 3082 omnium

146 3124 279 3183 dedecus
294 3121 409 3200 fugiens
423 3124 604 3199 laudemque
623 3121 751 3182 maxime
770 3141 959 3199 consequens
975 3120 1154 3183 verecundia

99 3239 134 3291 30
146 3232 199 3281 est
242 3222 344 3296 Atque
371 3219 403 3280 hi
434 3219 557 3298 quidem
585 3232 654 3280 sunt
682 3221 742 3281 iere
769 3218 855 3298 quasi
882 3218 1005 3296 quidam
1033 3217 1154 3278 habitus

145 3316 239 3378 animi
252 3316 296 3377 sic
309 3315 419 3378 adlecti
433 3329 463 3379 et
477 3317 640 3390 constituti,
652 3327 685 3377 ut
699 3317 757 3378 sint
771 3316 879 3393 singuli
893 3316 969 3377 inter
982 3335 1014 3376 se
1032 3313 1153 3392 proprio

180 3488 196 3535 3
213 3474 254 3522 cui
265 3473 354 3537 vulga:
376 3489 427 3536 quo
439 3472 478 3524 P:
493 3474 604 3536 fortasse
614 3472 747 3538 legendum
759 3473 820 3536 quoi
838 3506 839 3509 κ
917 3473 934 3520 6
951 3471 976 3519 in
993 3471 1070 3519 rebus
1085 3486 1153 3520 com·

148 3538 231 3587 modis
243 3554 294 3590 om.
309 3539 335 3590 P
414 3555 431 3601 9
447 3546 533 3589 autem
546 3554 596 3588 om.
608 3537 635 3586 P
718 3553 755 3601 15¹
765 3553 860 3600 grave.
876 3573 901 3589 ..
915 3536 1088 3586 turbulentum
1098 3535 1152 3585 secl.

149 3602 308 3719 §alapiam
326 3619 379 3655 non
391 3605 565 3655 turbulentum
577 3620 628 3655 om.
639 3603 667 3654 P
764 3619 793 3667 η
809 3603 887 3667 vulgo
898 3609 983 3653 autem
995 3601 1096 3651 bonitas
1107 3600 1153 3650 det.

229 3685 245 3718 a
