2588 4178
149 214 170 273 4
186 224 215 270 ra
453 201 496 259 M.
526 201 655 259 TVLLI
685 200 917 261 CICERONIS

184 363 343 426 delectatio
357 363 424 424 finis
438 374 491 438 est,
501 363 573 424 varii
587 376 656 424 sunt
670 354 790 426 ordines
805 363 992 425 conlocandi.
1037 366 1117 424 Nam
1134 374 1186 424 aut

184 474 352 541 temporum
381 450 533 522 servantur
559 464 667 541 gradus
695 473 747 522 aut
773 482 915 540 generum
941 461 1167 523 distributiones
1179 484 1187 536 ;

184 571 235 621 aut
249 555 446 621 aminoribus
460 561 499 620 ad
519 559 631 620 maiora
647 559 838 642 ascendimus
855 570 907 620 aut
926 580 945 620 a
963 558 1126 621 maioribus
1145 561 1186 621 ad

184 657 301 717 minora
314 656 481 718 delabimur
490 679 498 731 ;
519 669 570 717 aut
585 658 659 718 haec
673 657 856 735 inaequabili
873 657 1014 718 varietate
1033 657 1187 735 distingui-

184 775 259 829 mus,
272 775 339 814 cum
352 774 442 831 parva
451 753 565 831 magnis
574 743 720 832 simplicia
730 754 898 815 coniunctis
909 755 1037 815 obscura
1044 753 1186 815 dilucidis
1203 775 1216 823 5

183 854 260 912 laeta
280 851 412 912 tristibus
433 851 619 913 incredibilia
639 851 844 930 probabilibus
865 851 1033 925 inteximus,
1055 872 1133 930 quae
1155 851 1187 911 in

141 973 171 1024 ¹3
184 949 407 1011 exornationem
419 938 532 1011 cadunt
546 950 655 1011 omnia
686 951 722 1012 C.
734 949 826 1026 Quid,
842 949 873 1009 in
885 945 1100 1031 deliberatione
1111 949 1188 1027 quid

184 1051 323 1126 spectas?
364 1052 396 1109 P.
410 1048 559 1126 Principia
573 1053 619 1110 vel
634 1069 694 1109 non
710 1053 799 1128 longa
812 1051 860 1110 vel
874 1070 963 1127 saepe
977 1052 1066 1110 nulla
1110 1051 1189 1110 Sunt

185 1146 265 1207 enim
274 1149 314 1207 ad
322 1146 506 1207 audiendum
516 1146 568 1224 qui
577 1147 744 1208 deliberant
753 1168 806 1207 sua
815 1147 1014 1227 causaparati.
1038 1149 1189 1210 Necmul-

185 1255 248 1304 tum
258 1262 330 1305 sane
344 1264 434 1322 saepe
448 1247 627 1305 narrandum
640 1242 720 1326 [est].
750 1247 806 1304 Est
816 1244 896 1306 enim
908 1245 1037 1305 narratio
1050 1232 1190 1324 praeteri·
1204 1266 1232 1300 10

185 1342 280 1403 tarum
308 1363 406 1403 rerum
433 1354 485 1402 aut
509 1342 709 1419 praesentium
720 1365 728 1417 3
759 1342 859 1403 suasio
886 1354 986 1403 autem
1011 1344 1187 1402 futurarum.

186 1443 255 1516 Qua
269 1460 300 1500 re
319 1442 358 1500 ad
377 1441 470 1501 tidem
484 1451 514 1500 et
527 1442 567 1500 ad
582 1450 697 1500 motum
717 1440 891 1501 adhibenda
904 1452 949 1501 est
963 1438 1062 1503 omnis
1082 1439 1187 1512 oratio

141 1557 171 1606 14
186 1539 221 1618 C,
243 1536 334 1613 Quid,
355 1536 525 1598 in'iudiciis
545 1558 623 1619 quae
644 1548 690 1598 est
708 1537 899 1598 conlocatio?
933 1541 965 1598 P.
987 1540 1059 1598 Non
1081 1539 1189 1598 eadem

185 1634 365 1697 accusatoris
392 1645 422 1697 et
439 1634 494 1708 rei,
518 1637 601 1713 quod
623 1639 778 1699 accusator
805 1651 902 1695 rerum
931 1635 1066 1696 ordinem
1092 1654 1191 1712 perse-

186 1732 287 1811 quitur
300 1744 329 1794 et
345 1732 460 1810 singula
476 1744 654 1810 argumenta
668 1728 756 1811 quasi*
769 1734 869 1792 hastas
888 1731 919 1792 in
931 1748 1024 1792 manu
1039 1735 1231 1806 conlocat-,215

186 1832 379 1891 vehementer
405 1817 553 1908 proponit,
577 1829 730 1890 concludit
757 1829 871 1903 acriter,
895 1831 1052 1903 confirmat
1078 1830 1189 1895 tabulis

109 1923 111 1928 ’
187 1921 313 1988 decretis
334 1926 511 1987 testimoniis
535 1927 761 2004 accuratiusque
782 1926 813 1986 in
834 1927 956 2004 singulis
977 1915 1188 2000 commoratur,

186 2027 227 2084 eis
247 2023 388 2085 orationis
408 2023 581 2102 praeceptis,
597 2045 674 2102 quae
694 2026 734 2085 ad
753 2024 922 2085 incitandos
943 2025 1061 2085 animos
1078 2026 1187 2098 valent,

188 2134 218 2182 et
236 2121 267 2181 in
286 2121 399 2198 reliqua
418 2120 551 2182 oratione
571 2125 693 2200 paulum
712 2121 882 2199 digrediens
902 2124 947 2198 de,
960 2122 1204 2184 cursudicendi

188 2218 279 2279 utitur
293 2230 323 2279 et
335 2210 541 2279 vehementius
560 2218 592 2278 in
606 2233 782 2299 perorando.
827 2223 881 2279 Est
895 2219 976 2280 enim
990 2213 1187 2298 propositum,
1204 2241 1235 2276 20

187 2329 220 2378 ut
238 2303 344 2377 iratum
365 2316 471 2377 efficiat
490 2316 628 2377 iudicem.
673 2318 707 2379 C.
727 2317 814 2394 Quid
833 2316 1003 2377 faciendum
1024 2329 1068 2378 est
1085 2328 1190 2377 contra

187 2418 261 2475 reo?
295 2417 327 2473 P.
344 2413 456 2475 Omnia
469 2415 558 2491 longe
577 2434 671 2474 secus.
715 2413 863 2492 Principia
879 2416 1027 2475 sumenda
1043 2417 1082 2476 ad
1101 2415 1192 2475 bene-
1237 2489 1239 2494 ,

187 2512 347 2574 volentiam
363 2511 601 2586 conciliandam3
621 2513 803 2591 narrationes
822 2523 873 2571 aut
887 2515 1097 2590 amputandae,
1113 2532 1192 2590 quae

188 2614 319 2685 laedunt,
341 2623 392 2671 aut
413 2610 635 2688 relinquendae,
658 2611 683 2670 si
708 2620 788 2670 totae
812 2621 882 2669 sunt
906 2612 1068 2685 molestae;
1095 2611 1192 2669 firma-

188 2720 289 2769 menta
307 2710 346 2768 ad
363 2710 457 2769 fidem
472 2707 568 2785 posita
589 2719 640 2767 aut
658 2728 710 2785 per
727 2727 759 2767 se
775 2707 919 2767 diluenda
936 2719 988 2767 aut
1001 2706 1192 2767 obscuranda
1206 2728 1235 2776 25

188 2817 240 2866 aut
252 2804 485 2882 digressionibus
499 2805 672 2878 obruenda;
693 2803 895 2881 perorationes
913 2814 1013 2862 autem
1027 2804 1067 2863 ad
1082 2802 1193 2863 miscri-

188 2902 321 2964 cordiam
343 2903 550 2963 conferendae.
595 2903 628 2964 C.
645 2903 808 2979 Semperne
827 2900 914 2978 igitur
933 2900 1069 2961 ordinem
1091 2892 1195 2975 conlo-

189 3000 278 3062 candi
306 3020 396 3077 quem
421 3001 559 3059 volumus
587 3010 689 3060 tenere
716 3001 901 3077 possumus?
939 3000 971 3057 P.
998 3000 1070 3058 Non
1099 3017 1194 3073 sane3

157 3167 159 3171 7
189 3118 258 3158 nam
273 3096 416 3159 auditoris
430 3116 515 3157 aures
530 3098 722 3157 moderantur
736 3095 844 3156 oratori
858 3094 997 3173 prudenti
1011 3106 1041 3156 et
1051 3095 1192 3174 provido:

190 3216 243 3257 eae
257 3197 340 3273 quod
354 3205 498 3272 respuunt
512 3195 733 3255 immutandum
748 3204 801 3254 est.
1207 3211 1237 3259 3³

145 3305 176 3357 16
230 3296 267 3377 C
290 3297 416 3371 Expone
437 3292 579 3370 deinceps
599 3313 676 3370 quae
697 3291 789 3370 ipsius
811 3290 952 3352 orationis
972 3291 1193 3370 verborumque

155 2282 175 2341 5

144 2372 172 2420 15

224 3467 239 3498 a
256 3457 391 3499 servantur
402 3446 468 3498 codd.
481 3449 553 3498 deta:
570 3449 713 3498 servabitur
723 3448 750 3497 P
856 3465 872 3510 4
889 3446 1020 3510 inaequali
1027 3453 1047 3511 p
1058 3445 1126 3496 codd.
1138 3445 1194 3496 dett.

194 3531 224 3565 ro
241 3523 281 3564 est
294 3532 342 3564 om.
354 3514 381 3563 P
478 3528 506 3574 15
523 3516 596 3575 quasi
608 3517 681 3563 hasta
695 3515 721 3562 in
734 3530 810 3563 manu
823 3515 945 3562 collocata
955 3513 1050 3561 Piderit
1060 3512 1194 3575 (collocata

191 3581 259 3631 codd.
271 3581 340 3640 dett)
410 3581 440 3627 18
457 3581 496 3628 eis
508 3580 564 3642 (iis)
577 3580 634 3628 add.
646 3580 769 3628 Fn'edn'ch
828 3579 953 3628 orationis
964 3578 1004 3627 P:
1022 3577 1195 3640 perorationis

187 3655 223 3711 p:
239 3646 466 3709 perorationisque
478 3645 545 3695 codd.
559 3645 614 3694 dett.
