2588 4178
542 209 721 271 ORATOR
1114 223 1136 284 4
1151 218 1183 271 1⁶

136 395 207 436 vero
220 373 285 437 sine
299 377 547 457 philosophomm
566 377 724 456 disciplina
737 397 830 456 genus
845 387 875 437 et
893 375 1024 454 speciem
1041 374 1138 438 c'uius·

135 492 196 550 que
209 472 251 534 rei
266 494 386 536 cernere
400 494 498 552 neque
513 495 579 537 eam
594 475 769 536 definiendo
778 473 924 552 explicare
939 493 996 535 nec
1006 473 1137 537 tribuere

135 567 167 628 in
188 570 279 647 partis
300 591 460 649 possumus
481 593 537 634 nec
557 573 688 634 iudicare
709 592 786 650 quae
800 592 869 633 vera
889 592 967 648 quae
984 573 1058 633 salsa
1077 571 1137 632 sint

135 686 235 744 neque
256 687 377 730 cernere
401 669 626 749 consequentia,
646 668 842 748 repugnantia
864 668 973 743 videre,
995 668 1136 747 ambigua

106 761 325 842 sdistinguere.
370 766 453 842 Quid
474 767 573 828 dicam
594 769 634 828 de
655 778 759 828 natura
777 786 884 839 rerum,
899 766 984 827 cuius
1003 766 1136 844 cognitio

135 881 275 938 magnam
291 863 418 924 orationi
439 863 611 943 suppeditat
629 865 758 944 copiam,
772 866 811 925 de
825 863 892 936 vita,
909 866 948 925 de
967 864 1080 936 officiis,
1096 865 1135 926 de

134 957 249 1032 virtute,
279 961 319 1022 de
347 962 502 1023 moribus?
535 964 644 1023 satisne
671 962 735 1024 sine
759 964 853 1022 multa
874 982 975 1023 earum
1003 961 1134 1041 ipsarum

134 1075 231 1116 rerum
253 1056 411 1136 disciplina
429 1071 481 1120 aut
494 1059 555 1122 dici
571 1072 623 1121 aut
639 1059 777 1139 intellegi·
787 1062 908 1137 potest?
948 1061 998 1120 Ad
1017 1061 1071 1119 has
1090 1070 1135 1120 tot

133 1163 291 1231 tantasque
318 1175 366 1217 res
392 1157 566 1219 adhibenda
590 1169 659 1219 sunt
686 1168 863 1218 ornamenta
888 1156 1135 1233 innumerabilia3

88 1265 120 1302 10
133 1269 211 1327 quae
239 1254 303 1313 sola
330 1264 395 1314 tum
423 1254 546 1333 quidem
574 1256 767 1316 tradebantur
794 1256 833 1316 ab
857 1253 900 1315 eis
927 1255 980 1332 qui
1012 1253 1134 1316 dicendi

133 1349 367 1412 numerabantur
380 1352 529 1431 magistri;
549 1373 611 1431 quo
625 1355 659 1413 tit
672 1364 705 1413 ut
719 1372 818 1413 veram
832 1351 913 1412 illam
925 1363 955 1412 et
964 1352 1133 1413 absolutam

133 1445 335 1522 eloquentiam
353 1469 443 1511 nemo
462 1461 670 1528 consequatur,
686 1451 769 1528 quod
786 1448 843 1509 alia
863 1447 1055 1526 intellegendi
1076 1448 1134 1509 alia

132 1540 254 1603 dicendi
275 1543 433 1623 disciplina
454 1558 498 1608 est
519 1558 549 1608 et
569 1548 609 1608 ab
629 1547 695 1607 aliis
714 1566 811 1608 rerum
833 1545 873 1606 ab
891 1544 955 1605 aliis
974 1545 1133 1606 verborum

132 1639 269 1700 doctrina
290 1643 447 1719 quaeritur.
491 1645 599 1722 Itaque
623 1647 667 1704 M.
690 1643 849 1716 Antonius,
872 1641 920 1702 cui
948 1644 994 1704 vel
1023 1642 1133 1721 primas
1149 1641 1179 1691 ¹8

88 1752 118 1803 15
133 1737 321 1813 eloquentiae
344 1751 462 1819 patrum
485 1753 652 1803 nostrorum
678 1741 828 1801 tribuebat
849 1751 938 1813 aetas,
961 1739 1004 1799 vir
1028 1751 1133 1800 natura

132 1845 296 1910 peracutus·
316 1847 347 1898 et
374 1840 513 1916 prudens,
542 1839 573 1899 in
602 1860 639 1900 eo
666 1839 743 1899 libro
756 1870 758 1874 ·
771 1857 860 1915 quem
890 1857 984 1897 unum
1014 1837 1133 1916 reliquit

131 1930 257 1992 disertos
271 1932 312 1993 ait
326 1953 358 1995 se
371 1935 481 1998 vidisse
496 1938 615 2011 multos,
625 1938 817 2014 eloquentem
829 1934 954 1995 omnino
968 1934 1130 1996 neminem.

132 2028 288 2091 Insidebat
302 2031 440 2094 videlicet
454 2033 563 2095 ineius
578 2044 679 2093 mente
693 2032 808 2110 species
826 2030 1024 2109 eloquentiae,
1040 2051 1131 2109 quam

132 2126 272 2188 cernebat
290 2128 400 2203 animo,
416 2150 448 2191 re
468 2131 533 2209 ipsa
546 2151 607 2191 non
623 2130 752 2191 videbat.
795 2128 849 2188 Vir
867 2139 967 2189 autem
987 2128 1131 2190 acerrimo

84 2238 116 2274 ²0
130 2221 334 2301 ingenio—sic
350 2226 432 2287 enim
446 2229 637 2289 luit—multa
650 2240 680 2289 et
694 2227 725 2287 in
740 2246 772 2288 se
786 2237 817 2287 et
830 2225 861 2286 in
875 2225 940 2286 aliis
957 2226 1130 2286 desiderans

129 2320 281 2382 neminem
296 2324 385 2400 plane
400 2324 452 2402 qui
466 2336 546 2386 recte
560 2324 701 2403 appellari
715 2326 860 2401 eloquens
874 2334 976 2400 posset
990 2321 1130 2397 videbat3

128 2419 211 2495 quod
234 2419 258 2478 si
280 2419 330 2481 ille
352 2442 409 2482 nec
433 2443 466 2484 se
489 2444 547 2485 nec
572 2424 605 2484 L.
627 2424 767 2485 Crassum
791 2423 982 2497 eloquentem
1005 2419 1128 2497 putavit,
1145 2435 1176 2488 ¹9

127 2516 232 2577 habuit
259 2521 394 2596 profecto
422 2523 668 2598 comprehensam
696 2519 799 2579 animo
821 2519 973 2595 quandam
1002 2519 1128 2577 formam

128 2613 324 2691 eloquentiae,
347 2617 395 2677 cui
417 2619 560 2696 quoniam
582 2617 656 2677 nihil
677 2619 786 2688 deerat,
809 2635 861 2676 eos
882 2614 992 2692 quibus
1014 2614 1128 2692 aliquid

83 2722 111 2771 ²⁵
126 2722 178 2770 aut
201 2714 286 2789 plura
306 2715 429 2775 deerant
451 2715 482 2775 in
505 2736 571 2777 eam
595 2717 722 2776 sormam
744 2733 806 2775 non
829 2723 944 2790 poterat
965 2712 1126 2772 includere.

127 2805 344 2886 Investigemus
359 2813 440 2872 hunc
454 2811 548 2889 igitur,
573 2815 671 2884 Brute,
695 2810 720 2871 si
741 2830 908 2888 possumus,
931 2829 1021 2886 quem
1043 2829 1128 2869 num·

125 2921 215 2979 quam
232 2890 307 2966 vidit
320 2908 471 2970 Antonius
492 2920 543 2969 aut
562 2909 614 2987 qui
631 2908 755 2969 omnino
774 2909 873 2968 nullus
892 2925 1036 2983 umquam
1053 2905 1109 2965 fuit
1118 2926 1127 2981 ;

125 3019 215 3077 quem
232 3001 256 3062 si
270 3001 376 3065 imitari
394 3018 485 3083 atque
502 3005 665 3084 exprimere
683 3025 745 3066 non
762 3023 930 3084 possumus,
947 3004 1030 3080 quod
1044 3002 1126 3063 idem

124 3096 173 3158 ille
191 3098 240 3158 vix
261 3101 320 3162 deo
341 3122 519 3164 concessum
540 3123 606 3164 esse
626 3101 754 3176 dicebat,
770 3113 800 3162 at
819 3100 914 3178 qualis
934 3119 999 3160 esse
1016 3099 1129 3161 debeat

76 3223 111 3272 30
124 3195 287 3273 poterimus
301 3200 425 3261 sortasse
439 3200 546 3262 dicere.

1147 1025 1167 1086 ⁵

1152 1116 1180 1164 tr

156 3336 271 3397 5dicam
288 3337 339 3387 secl.
358 3336 454 3402 Stangl
547 3338 691 3387 §orationi
709 3337 791 3399 vulp:
816 3335 942 3386 orationis
964 3334 1002 3382 Lx
1028 3337 1124 3384 oratori

122 3398 223 3452 Ernesti
275 3403 336 3464 quid
346 3404 378 3452 de
386 3405 440 3453 vita
446 3403 564 3467 Sandys:
576 3404 625 3452 iam
633 3405 666 3452 de
674 3403 727 3452 vitu
734 3401 836 3451 Naaun:
855 3416 914 3449 narn
926 3400 960 3449 de
971 3398 1126 3460 vitaPr'dml

124 3480 138 3526 7
156 3467 254 3516 satisne
265 3467 344 3518 Reid:
362 3470 499 3530 dequibus
511 3469 572 3517 nihil
584 3470 641 3518 sine
654 3468 772 3518 Schenkl:
790 3467 962 3530 quidquamne
973 3464 1042 3512 Bake
1105 3466 1123 3514 8

123 3538 220 3593 potest!
240 3535 287 3581 sed
299 3535 331 3582 ad
345 3534 488 3587 Lambinus
497 3539 521 3582 el
529 3534 644 3598 sauppe:
680 3549 739 3583 osse
750 3533 783 3581 ad
801 3531 824 3580 L
898 3546 935 3591 ro,
952 3543 980 3578 11
998 3545 1122 3592 quae...

122 3597 237 3657 magistri
244 3599 296 3647 secl.
305 3598 404 3662 Kayser
443 3615 473 3649 ro
485 3608 539 3648 tum
545 3550 701 3662 quidemssz
717 3597 876 3661 iampridem
885 3593 999 3644 Vollbehr
1042 3597 1122 3657 15,1⁶

121 3661 345 3725 vir...prudens
361 3665 413 3714 secl.
425 3665 495 3714 Bake
593 3679 623 3727 19
640 3679 694 3714 rem
706 3665 788 3727 ipsam
805 3659 976 3712 maluitBalu
1020 3724 1052 3778 8*
