2588 4178
523 217 687 278 nRv'rvs
1061 226 1166 290 43150

104 403 326 461 persequamur.
378 386 502 444 Paratus
529 383 618 461 igitur
639 383 778 444 veniebat
799 384 931 456 Crassus,
955 393 1104 460 exspecta·

104 483 201 553 batur,
216 481 393 541 audiebatur
403 503 411 556 ;
432 481 609 560 aprincipio
624 482 731 555 statim,
751 482 834 558 quod
853 492 915 542 erat
933 483 1014 559 apud
1033 500 1103 541 eum

104 598 223 656 semper
247 591 426 653 accuratum,
449 579 670 656 exspectatione
695 579 804 656 dignus
826 578 988 639 videbatur.
1032 580 1103 638 Non

105 678 201 736 multa
215 676 335 737 iactatio
349 677 490 755 corporis,
506 698 568 738 non
590 677 743 738 inclinatio
763 675 853 748 vocis,
870 678 952 736 nulla
970 676 1105 736 inambu-

73 773 186 845 statio,
209 794 271 833 non
293 775 396 835 crebra
418 774 571 853 supplosio
584 774 681 852 pedis
692 797 700 849 ;
722 776 883 834 vehemens
902 785 932 833 et
954 773 1104 832 interdum

105 870 179 931 irata
198 883 228 931 et
248 874 336 949 plena
357 871 426 932 iusti
447 872 558 933 doloris
579 873 682 945 oratio,
698 875 809 932 multae
830 883 859 931 et
881 892 950 931 cum
964 870 1105 949 gravitate

105 969 249 1043 facetiae3
283 971 426 1046 quodque
460 969 581 1030 difficile
615 982 668 1043 est,
698 969 778 1030 idem
809 980 839 1029 et
866 980 1040 1046 perornatus
1076 978 1106 1027 et

106 1066 257 1144 perbrevis
268 1089 276 1139 3
310 1066 369 1126 iam
403 1067 433 1126 in
468 1069 640 1129 altercando
672 1066 786 1128 invenit
814 1086 915 1144 parem
943 1066 1103 1126 neminem.
1122 1085 1168 1135 ¹59

107 1168 250 1224 Versatus
278 1175 324 1224 est
351 1164 381 1223 in
410 1165 493 1225 omni
519 1167 579 1226 sere
603 1187 712 1243 genere
736 1183 891 1225 causarum
902 1185 911 1237 ;
941 1175 1054 1223 mature
1075 1162 1106 1221 in

62 1281 94 1316 10
107 1264 208 1321 locum
224 1261 392 1340 principum
413 1275 563 1323 oratorum
577 1263 665 1323 venit.
709 1262 870 1322 Accusavit
884 1263 918 1322 C.
936 1262 1106 1323 Carbonem

108 1360 387 1436 eloquentissimum
399 1360 552 1421 hominem
564 1363 729 1422 admodum
743 1362 938 1433 adulescens;
959 1377 1107 1418 summam

108 1456 208 1533 ingeni
223 1477 285 1517 non
299 1459 419 1517 laudern
435 1460 527 1518 modo
547 1458 707 1519 sedetiam
726 1456 952 1518 admirationem
973 1467 1018 1516 est
1038 1475 1108 1514 con-

108 1565 237 1613 secutus.
282 1554 426 1614 Defendit
449 1566 554 1631 postea
577 1553 722 1613 Liciniam
747 1553 899 1630 virginem,
921 1572 990 1612 cum
1011 1558 1171 1611 annos160

111 1668 203 1709 xxvu
218 1664 306 1710 natus
326 1662 411 1711 esset.
457 1655 493 1710 In
516 1672 551 1711 ea
576 1650 640 1729 ipsa
661 1671 751 1710 causa
771 1650 826 1709 suit
846 1648 1108 1726 eloquentissimus

66 1769 95 1817 15
112 1747 314 1824 orationisque
329 1747 393 1807 eius
414 1747 537 1824 scriptas
558 1749 704 1824 quasdam
725 1747 816 1824 partis
837 1745 962 1823 reliquit
1005 1743 1109 1804 Voluit

111 1846 289 1905 adulescens
310 1844 341 1903 in
361 1845 479 1904 colonia
494 1843 685 1905 Narbonensi
699 1864 806 1904 causae
824 1842 975 1921 popularis
996 1841 1109 1919 aliquid

110 1941 264 2018 adtingere
285 1962 412 2018 eamque
429 1942 586 2014 coloniam,
604 1953 637 2001 ut
650 1941 728 2014 fecit,
745 1940 808 2018 ipse
828 1942 977 2000 deducere
987 1962 995 2013 ;
1016 1950 1110 1999 exstat

111 2039 142 2098 in
157 2059 223 2099 eam
238 2042 333 2116 legem
353 2038 459 2111 senior,
477 2051 509 2098 ut
529 2039 571 2099 ita
591 2039 698 2111 dicam,
715 2058 805 2115 quam
827 2050 908 2098 aetas
929 2037 980 2097 illa
998 2038 1111 2097 serebat

112 2136 214 2197 oratio.
259 2139 374 2196 Multae
397 2136 508 2197 deinde
530 2156 655 2210 causae;
676 2138 729 2195 sed
751 2135 792 2218 ita
815 2135 921 2195 tacitus
944 2134 1111 2195 tribunatus

66 2262 98 2296 πο
112 2245 153 2307 ut,
186 2234 243 2295 nisi
273 2233 304 2292 in
339 2254 375 2293 eo
410 2233 581 2310 magistratu
616 2233 781 2293 cenavisset
814 2233 896 2309 apud
932 2250 1110 2309 praeconem

113 2330 257 2392 Granium
286 2330 377 2407 idque
405 2331 493 2391 nobis
518 2331 564 2392 bis
589 2330 764 2390 narravisset
793 2329 933 2402 Lucilius,
958 2329 1111 2390 tribunum

113 2428 208 2506 plebis
230 2427 411 2488 nesciremus
432 2428 530 2488 fuisse.
575 2431 622 2488 Ita
639 2447 766 2506 prorsus
787 2426 885 2504 inquit
910 2430 1038 2500 Brutus3
1058 2427 1112 2486 sed
1128 2437 1170 2486 161

113 2546 152 2586 ne
184 2528 223 2585 de
254 2527 416 2586 Scaevolae
444 2525 567 2601 quidem
595 2525 746 2584 tribunatu
775 2524 936 2601 quicquam
964 2522 1112 2584 audivisse

114 2623 217 2683 videor
241 2634 271 2684 et
295 2643 364 2682 eum
390 2625 545 2700 conlegam
574 2623 673 2685 Crassi
701 2624 791 2683 credo
819 2622 917 2682 fuisse.
962 2620 1112 2682 Omnibus

69 2749 101 2797 ²⁵
115 2720 238 2798 quidem
259 2721 333 2794 aliis,
351 2721 482 2798 inquam,
504 2721 534 2780 in
556 2720 783 2799 magistratibus,
800 2721 853 2780 sed
876 2718 1012 2779 tribunus
1032 2738 1113 2778 anno

115 2830 183 2896 post
199 2817 255 2877 fuit
273 2838 371 2894 eoque
392 2818 425 2877 in
446 2818 561 2878 Rostris
584 2820 707 2879 sedente
729 2817 822 2878 suasit
842 2815 995 2878 Serviliam
1017 2819 1113 2892 legem

115 2917 258 2989 Crassus;
279 2935 349 2975 nam
374 2935 530 2975 censuram
555 2915 620 2974 sine
645 2917 788 2975 Scaevola
812 2912 918 2990 gessit:
941 2933 1010 2972 eum
1032 2912 1113 2972 enim

115 3013 317 3090 magistratum
330 3032 420 3072 nemo
435 3032 578 3090 umquam
588 3014 797 3072 Scaevolarum
812 3010 923 3088 petivit.
968 3011 1027 3070 Sed
1039 3012 1114 3070 haec

116 3109 215 3171 Crassi
237 3130 306 3170 cum
328 3110 409 3170 edita
433 3109 527 3170 oratio
550 3121 603 3182 est,
622 3129 712 3186 quam
738 3120 767 3168 te
790 3127 879 3184 saepe
903 3106 1008 3183 legisse
1033 3119 1114 3167 certo

71 3207 189 3281 30scio,
211 3218 350 3284 quattuor
374 3219 404 3267 et
426 3207 544 3284 triginta
568 3218 632 3266 tum
655 3206 786 3267 habebat
808 3225 903 3265 annos
929 3204 1115 3281 totidemque

115 3304 200 3364 annis
229 3304 302 3363 mihi
323 3317 420 3364 aetate
442 3304 618 3383 praestabat
663 3302 722 3363 His
744 3303 824 3363 enim
850 3302 1023 3364 consulibus
1048 3322 1114 3362 eam

116 3404 211 3480 legem
229 3401 320 3462 suasit
335 3401 444 3479 quibus
461 3401 523 3462 nati
538 3421 649 3474 sumus,
662 3399 806 3478 cumipse
821 3412 898 3460 esset
910 3403 947 3476 Q,
962 3398 1115 3476 Caepione

148 3572 164 3617 5
180 3549 325 3606 vehemens
332 3557 459 3605 interdum
472 3563 498 3604 et
510 3556 574 3605 irata
592 3556 687 3618 Campe
762 3571 790 3603 21
811 3557 851 3604 bis
862 3571 912 3605 om.
929 3555 959 3618 0,
972 3553 1025 3604 secl.
1037 3551 1115 3601 Lam·

116 3621 191 3671 binus
286 3637 320 3683 30
336 3629 389 3671 tum
400 3620 441 3670 L:
459 3623 519 3671 dum
531 3621 560 3685 F,
573 3622 625 3674 secl.
640 3621 740 3682 Kayser
