2588 4178
555 171 720 233 BRVTVS
1099 169 1141 230 62
1156 192 1205 244 aas

137 353 240 421 autem
254 352 322 420 post
336 351 423 402 natos
440 339 578 402 homines
595 338 833 418 improbissimus
848 339 882 401 C.
899 337 1038 401 Servilius
1052 339 1142 400 Glau-

138 440 194 513 cia,
210 441 264 501 sed
278 451 436 518 peracutus
455 449 485 500 et
501 438 627 500 callidus
644 457 715 498 cum
733 437 897 515 primisque
915 436 1066 498 ridiculus.
1110 438 1141 496 ls

139 559 177 600 ex
190 537 315 598 summis
329 548 359 598 et
375 539 512 598 fortunae
530 547 561 598 et
579 535 657 597 vitae
675 535 813 597 sordibus
831 535 862 595 in
881 546 1018 612 praetura
1036 536 1142 595 consul

139 637 236 696 sactus
250 645 336 708 esset,
352 634 376 695 si
397 634 544 696 rationem
562 634 627 696 eius
644 633 748 694 haberi
764 632 853 694 licere
871 632 1036 695 iudicatum
1054 643 1140 694 esset.

110 736 222 800 §Nam
246 744 277 795 et
300 733 421 812 plebem
443 734 565 794 tenebat
586 744 617 794 et
641 743 808 811 equestrem
834 731 970 793 ordinem
995 731 1143 793 beneficio

139 831 213 910 legis
240 831 419 892 devinxerat.
463 832 494 891 ls
522 843 639 910 praetor
665 832 775 893 eodem
802 829 852 891 die
879 850 941 908 quo
968 829 1144 891 Saturninus

140 928 277 990 tribunus
304 928 401 1007 plebis
430 928 528 990 Mario
556 940 586 990 et
615 930 723 989 Flacco
744 927 923 994 ,consulibus
951 927 1072 1006 publice
1099 937 1144 988 est

139 1027 331 1102 interlectus3
352 1029 445 1088 homo
466 1025 634 1087 simillimus
653 1025 846 1086 Atheniensis
867 1024 1043 1104 Hyperboli‚
1059 1025 1144 1086 cuius

141 1124 364 1202 improbitatem
398 1134 512 1185 veteres
544 1123 713 1184 Atticorum
747 1123 923 1184 comoediae
957 1133 1142 1184 notaverunt.

98 1241 129 1279 ιο
142 1223 230 1298 Quos
252 1225 317 1284 Seia
333 1221 431 1283 Titius
449 1233 629 1282 consecutus
643 1229 686 1280 est
697 1223 790 1282 homo
806 1222 916 1298 loquax
936 1241 1007 1282 sane
1026 1231 1056 1280 et
1073 1219 1144 1281 satis
1159 1242 1207 1294 225

141 1331 257 1393 acutus,
287 1321 340 1381 sed
368 1331 430 1380 tarn
458 1322 573 1380 solutus
601 1331 631 1380 et
658 1319 757 1380 mollis
785 1318 816 1379 in
844 1330 928 1397 gestu
964 1330 996 1379 ut
1027 1317 1145 1379 saltatio

142 1419 291 1495 quaedam
320 1429 489 1479 nasceretur
520 1417 569 1478 cui
602 1416 752 1478 saltationi
779 1415 877 1477 Titius
910 1436 1023 1477 nomen
1057 1426 1143 1477 esset.

144 1517 193 1575 Ita
220 1517 387 1577 cavendum
410 1526 455 1577 est
479 1535 518 1576 ne
543 1514 616 1592 quid
644 1514 676 1574 in
702 1515 821 1592 agendo
849 1513 1017 1575 dicendove
1044 1513 1143 1584 iacias,

142 1611 229 1672 cuius
248 1611 374 1673 imitatio
392 1611 530 1674 rideatur.
574 1615 634 1674 Sed
650 1613 690 1673 ad
708 1613 799 1690 paulo
816 1611 997 1689 superiorem
1016 1622 1145 1672 aetatem
1158 1602 1203 1674 63

98 1736 107 1770 r
114 1738 128 1787 5
144 1702 254 1771 revecti
275 1730 397 1786 sumus3
425 1731 506 1772 nunc
533 1712 573 1771 ad
600 1729 668 1771 eam
688 1712 729 1772 de
752 1729 811 1787 qua
834 1709 1021 1788 aliquantum
1042 1728 1145 1769 sumus

144 1809 238 1872 locuti
256 1821 445 1871 revertamur.

186 1907 374 1969 Coniunctus
396 1907 483 1986 igitur
505 1906 618 1986 Sulpici
639 1906 729 1968 aetati
751 1909 783 1967 P.
799 1905 948 1967 Antistius
964 1904 1028 1979 suit,
1044 1906 1209 1966 tabulario

145 2025 221 2066 sane¹
245 2004 416 2083 probabilis,
441 2005 493 2084 qui
520 2008 631 2066 multos
659 2025 729 2066 cum
758 2004 898 2066 tacuisset
924 2024 1020 2065 annos
1047 2023 1147 2081 neque

146 2102 300 2164 contemni
321 2105 418 2164 solum
444 2105 497 2165 sed
522 2103 642 2164 inrideri
664 2103 754 2164 etiam
776 2101 880 2163 solitus
901 2113 987 2175 esset,
1003 2101 1035 2161 in
1058 2101 1148 2161 tribu·

100 2212 219 2264 aonatu
241 2200 371 2278 primurn
394 2212 498 2262 contra
523 2203 557 2263 C.
585 2201 644 2262 Iuli
666 2200 749 2261 illam
774 2201 946 2261 consulatus
969 2198 1147 2277 petitionem

147 2298 409 2360 extraordinariam
433 2319 532 2360 veram
556 2319 676 2359 causam
695 2318 787 2376 agens
810 2309 855 2362 est
877 2298 1038 2376 probatus;
1059 2307 1089 2357 et
1109 2315 1147 2356 eo

147 2396 241 2474 magis
264 2400 348 2474 quod
368 2399 496 2459 eandem
516 2418 637 2458 causam
659 2418 729 2458 cum
749 2409 849 2476 ageret
870 2397 934 2458 eius
955 2400 1080 2475 conlega
1098 2395 1148 2456 ille

146 2494 212 2573 ipse
226 2494 384 2572 Sulpicius,
400 2495 450 2555 hic
470 2498 556 2573 plura
575 2508 606 2556 et
626 2495 759 2557 acutiora
779 2494 908 2556 dicebat·
952 2497 1059 2572 Itaque
1080 2504 1148 2570 post

147 2592 332 2653 tribunatum
354 2593 453 2671 primo
476 2596 587 2660 multae
611 2595 650 2654 ad
675 2613 744 2655 eum
770 2612 885 2665 causae,
910 2591 1021 2653 deinde
1042 2611 1148 2652 omnes

103 2714 138 2764 ²5
148 2689 295 2750 maximae
319 2710 527 2768 quaecumque
555 2702 639 2751 erant
666 2675 883 2752 deserebantur.
928 2691 1004 2749 Rem
1027 2688 1148 2749 videbat
1162 2707 1211 2760 ²²7

147 2800 243 2858 acute,
260 2790 465 2865 componebat
478 2788 642 2866 diligenter,
659 2786 805 2848 memoria
818 2787 954 2860 valebat3
974 2786 1072 2847 verbis
1086 2806 1148 2845 non

147 2885 198 2945 ille
225 2884 349 2962 quidem
384 2885 495 2945 ornatis
528 2886 667 2945 utebatur
694 2885 748 2945 sed
779 2895 880 2944 tamen
912 2905 974 2944 non
1007 2883 1130 2944 abiectis
1142 2905 1149 2957 ;

147 2982 286 3059 expedita
301 2994 400 3042 autem
416 2995 478 3043 erat
492 2994 521 3043 et
540 2983 680 3061 perfacile
697 3002 817 3043 currens
832 2982 926 3042 oratio
939 3003 945 3050 3
965 2993 996 3041 et
1009 2992 1071 3042 erat
1085 2981 1149 3042 eius

148 3080 271 3158 quidam
297 3093 451 3157 tamquam
480 3081 599 3141 habitus
624 3101 686 3141 non
711 3080 875 3140 inurbanus
886 3101 895 3154 3
923 3079 1002 3140 actio
1026 3081 1149 3156 paulum

183 3251 199 3297 3
217 3235 243 3284 in
262 3237 368 3284 summis
381 3270 387 3284 .
401 3271 427 3285 ..
448 3252 481 3284 ex
499 3243 621 3297 praetura
639 3236 732 3284 maluit
751 3235 843 3298 Campe
909 3235 936 3283 in
957 3242 1077 3297 praetura
1095 3236 1147 3286 secl.

148 3300 267 3350 Schenkl:
281 3309 358 3362 paena
367 3303 458 3350 consl.
467 3308 508 3350 est
518 3304 552 3364 lsi
562 3337 582 3351 ..
593 3338 599 3350 .
610 3300 689 3364 esset]
698 3317 769 3350 nam.
781 3337 788 3350 .
800 3336 806 3349 .
817 3300 972 3350 devinxerat
981 3302 1028 3364 lis.
1039 3336 1045 3349 .
1056 3300 1149 3348 ,inter-

150 3367 244 3430 iectus]
258 3367 387 3414 Eberhard
458 3369 474 3414 6
491 3367 514 3415 is
536 3374 639 3429 praetor
656 3367 695 3415 L:
714 3366 793 3426 igitur
812 3381 851 3428 pr.
870 3367 964 3429 Stangl
1062 3381 1092 3414 10
1110 3374 1149 3415 est

150 3432 207 3481 add.
218 3432 289 3492 Jahn
378 3447 405 3480 11
425 3432 566 3480 dissolutus
577 3431 645 3480 B¹H
722 3447 752 3494 13
770 3433 805 3480 ita
817 3433 977 3480 cauendum.
992 3465 998 3479 .
1013 3466 1020 3479 .
1034 3432 1150 3480 rideatur

149 3499 200 3546 secl.
212 3497 323 3560 Stangl:
340 3497 476 3546 irrideatur
487 3497 610 3546 Fn'edn'ch
712 3512 741 3559 15
758 3497 846 3544 reiecti
859 3497 917 3546 0¹6
977 3497 1008 3544 18
1026 3496 1149 3546 iacuisset

150 3564 278 3612 Baehrens
385 3579 418 3625 29
435 3563 537 3624 quidam
549 3561 699 3625 Manulr'us:
716 3563 819 3624 quidem
832 3561 854 3610 L

182 3660 229 3693 cic.
245 3659 322 3694 aaut.
1056 3645 1071 3694 ll
