2588 4178
108 208 209 269 32113
407 196 450 254 M.
474 194 603 253 ‘svm
625 192 858 254 creauours

158 363 323 423 facultates.
369 362 406 420 In
429 362 582 421 voluntate
605 370 706 420 autem
731 358 843 419 utilitas
867 379 904 420 ex
926 356 1091 436 adeptione
1114 358 1164 418 ali-

158 459 243 520 euius
266 457 419 519 commodi
436 457 638 534 vitationeque
661 455 848 516 incommodi
870 455 1028 533 quaeritur,
1054 465 1090 515 ut
1112 467 1164 516 aut

158 576 227 634 spes
250 566 302 614 aut
327 565 424 615 metus
448 553 602 631 impulisse
626 553 762 614 videatur
782 565 835 613 aut
859 552 965 630 aliquis
988 552 1164 630 repentinus

158 651 251 713 animi
281 662 388 723 motus,
418 650 470 728 qui
498 649 588 710 etiam
619 649 707 711 citius
737 649 769 708 in
800 650 934 711 fraudem
964 649 1056 727 quam
1089 649 1164 710 ratio

160 749 294 811 utilitatis
308 748 441 827 impellit.
485 750 585 823 Quam
605 748 649 809 ob¹
664 768 727 808 rem
746 748 821 807 haec
839 747 899 808 sint
913 747 994 808 dicta
1007 749 1046 809 de
1063 767 1191 819 causa5

162 849 196 910 C.
212 849 318 907 Teneo
342 858 372 906 et
393 866 504 923 quaero
527 845 579 923 qui
604 845 662 906 sint
687 845 729 905 illi
753 856 878 906 eventus
901 864 978 922 quos
1006 864 1042 905 ex
1066 844 1165 905 causis

159 944 236 1005 effici
259 943 366 1004 dixisti.
418 946 450 1002 P.
475 943 701 1020 Consequentia
728 944 877 1020 quaedam
906 943 990 1020 signa
1014 943 1165 1020 praeteriti

159 1055 189 1103 et
206 1041 291 1119 quasi
312 1041 455 1119 impressa
475 1041 546 1100 facti
564 1039 687 1118 vestigia
696 1062 704 1115 ;
729 1059 807 1116 quae
826 1038 949 1116 quidem
967 1041 1014 1101 vel
1034 1040 1165 1102 maxime

158 1139 360 1218 suspicionem
385 1149 508 1198 movent
532 1149 562 1198 et
584 1149 654 1198 sunt
678 1138 763 1215 quasi
787 1137 877 1198 tacita
902 1137 1061 1198 criminum
1085 1137 1165 1200 testi-

158 1237 260 1299 monia
273 1248 364 1315 atque
378 1238 437 1297 hoc
452 1235 574 1313 quidem
590 1235 731 1314 graviora,
743 1237 827 1313 quod
841 1256 948 1300 causae
962 1236 1165 1312 communiter
1179 1262 1208 1297 ro

157 1334 296 1395 videntur
313 1333 485 1394 insimulare
504 1344 533 1394 et
550 1354 672 1411 arguere
691 1333 789 1394 omnis
808 1353 905 1411 posse,
922 1354 1050 1412 quorum
1071 1336 1165 1395 modo

157 1427 321 1493 interfuerit
348 1431 469 1508 aliquid,
496 1433 571 1492 haec
598 1423 717 1509 proprie
745 1430 894 1508 attingunt
921 1451 974 1492 eos
1001 1431 1084 1509 ipsos
1112 1431 1166 1510 qui

157 1541 327 1609 arguuntur,
343 1541 377 1589 ut
391 1531 495 1604 telum,
509 1540 541 1589 ut
555 1528 724 1606 vestigium,
737 1540 770 1589 ut
784 1549 878 1603 cruor,
894 1540 928 1589 ut
941 1530 1165 1606 deprehensum

157 1626 271 1705 aliquid
299 1628 383 1704 quod
409 1627 543 1686 ablatum
568 1637 740 1704 ereptumve
765 1625 908 1699 videatur,
931 1638 964 1686 ut
986 1646 1165 1704 responsum

157 1725 369 1796 inconstanter,
394 1735 427 1783 ut
451 1724 637 1797 haesitatum,
661 1735 694 1784 ut
719 1724 889 1797 titubatum,
912 1736 946 1785 ut
967 1744 1037 1784 cum
1062 1725 1165 1803 aliquo
1182 1749 1207 1800 ¹⁵

158 1821 239 1882 visus
261 1841 297 1880 ex
318 1841 380 1898 quo
404 1820 535 1898 suspicio
556 1820 675 1894 oriatur,
692 1832 725 1880 ut
744 1840 782 1881 eo
803 1820 869 1898 ipso
890 1822 921 1881 in
942 1824 1011 1882 loco
1030 1822 1111 1882 visus
1133 1822 1165 1882 in

159 1939 220 1996 quo
234 1917 358 1992 facinus,
369 1928 401 1977 ut
415 1920 517 1995 pallor,
529 1930 561 1977 ut
577 1928 695 1991 tremor,
706 1928 738 1977 ut
753 1917 895 1996 scriptum
908 1930 961 1979 aut
972 1918 1164 1996 obsignatum

158 2027 210 2076 aut
227 2015 397 2094 depositum
417 2015 580 2093 quippiam.
625 2017 712 2076 Haec
733 2013 814 2074 enim
834 2015 904 2075 talia
922 2026 1000 2090 sunt,
1015 2036 1094 2093 quae
1112 2028 1166 2077 aut

159 2114 190 2173 in
207 2133 238 2173 re
252 2112 317 2191 ipsa
330 2124 382 2173 aut
397 2111 486 2172 etiam
505 2124 575 2174 ante
590 2133 680 2191 quarn
696 2114 808 2173 factum
828 2124 873 2172 est
886 2124 938 2173 aut
952 2124 1057 2190 postea
1071 2113 1165 2192 suspi-

99 2241 145 2290 ¹¹5
160 2211 274 2272 ciosum
292 2210 404 2270 crimen
424 2209 560 2269 efficiant.
605 2212 692 2286 Quae
711 2209 735 2269 si
754 2230 817 2270 non
835 2221 931 2296 erunt,
946 2222 1048 2270 tamen
1067 2210 1165 2271 causis
1179 2238 1209 2272 20

159 2308 231 2387 ipsis
254 2318 283 2368 et
308 2306 456 2367 efficiendi
480 2307 670 2368 facultatibus
695 2307 750 2367 niti
772 2307 930 2385 oportebit,
951 2307 1094 2368 adiuncta
1114 2307 1165 2369 illa

158 2404 360 2484 disputatione
381 2404 543 2478 communi,
564 2425 626 2466 non
651 2404 742 2464 fuisse
763 2404 846 2464 illum
868 2417 930 2465 tam
950 2416 1112 2480 amentem,
1132 2418 1167 2467 ut

159 2502 271 2562 indicia
291 2501 361 2562 facti
382 2513 434 2562 aut
455 2503 584 2580 effugere
608 2513 659 2562 aut
681 2505 831 2562 occultare
854 2522 917 2562 non
939 2514 1049 2581 posset,
1070 2515 1103 2564 ut
1124 2503 1166 2564 ita

158 2611 278 2678 apertus
305 2611 393 2673 esset,
417 2610 450 2658 ut
477 2601 578 2660 locum
607 2598 723 2659 crimini
750 2598 938 2677 relinqueret.
985 2600 1165 2662 Communis

158 2697 208 2757 ille
225 2708 330 2756 contra
348 2699 439 2768 locus,
455 2695 612 2756 audaciam
634 2695 799 2770 temeritati,
819 2717 881 2758 non
900 2696 1078 2775 prudentiae
1098 2718 1164 2759 esse
1179 2723 1208 2774 ²5

100 2806 147 2857 116
160 2794 361 2857 coniunctam.
404 2793 543 2871 Sequitur
559 2793 609 2853 ille
627 2804 727 2854 autem
745 2795 829 2855 locus
845 2796 885 2855 ad
903 2797 1086 2873 augendum,
1100 2815 1164 2857 non

162 2912 227 2953 esse
246 2894 489 2982 exspectandum,
505 2893 578 2952 dum
596 2894 723 2952 fateatur
732 2913 740 2966 3
763 2892 945 2968 argumentis
959 2905 1083 2970 peccata
1097 2913 1168 2954 con·

108 2979 149 3038 34
163 2990 255 3065 vinci,
272 3001 302 3050 et
311 2989 360 3048 hic
371 2989 461 3049 etiam
470 2992 605 3066 exempla
614 3001 771 3067 ponentur.
800 2992 902 3068 Atque
911 2992 986 3050 haec
994 2994 1118 3068 qurdem
1128 2995 1167 3054 de

101 3068 148 3122 ¹¹⁷
161 3087 350 3166 argumentis.
394 3087 446 3147 Sin
460 3099 560 3147 autem
576 3087 630 3148 erit
643 3086 733 3148 etiam
747 3087 868 3148 testium
884 3089 1017 3162 facultas,
1033 3089 1163 3167 primum

159 3204 253 3262 genus
274 3184 328 3243 erit
346 3182 444 3261 ipsum
465 3185 651 3243 laudandum
672 3183 903 3261 dicendumque,
924 3204 964 3245 ne
981 3189 1164 3262 argumentis
1178 3211 1209 3259 30

159 3292 309 3342 teneretur
326 3301 401 3354 reus,
417 3279 515 3359 ipsum
537 3300 591 3340 sua
610 3280 750 3342 cautione
770 3280 912 3354 effecisse,
931 3281 1014 3342 testis
1035 3285 1165 3362 effugere

159 3399 221 3440 non
243 3397 350 3456 posse3
375 3377 485 3439 deinde
508 3366 615 3456 singuli
638 3380 915 3456 laudentur-quae
939 3391 1041 3441 autem
1064 3395 1165 3443 essent

107 800 147 860 33

98 891 147 942 ¹¹4

195 3550 206 3582 1
225 3534 360 3584 facultates
370 3534 490 3584 Stroebel:
509 3534 637 3586 facultatis
647 3533 688 3584 P:
705 3535 812 3584 facultas
824 3536 893 3600 vulg.
983 3551 999 3597 3
1016 3534 1084 3584 alius
1094 3537 1163 3587 codd.

158 3599 213 3649 deu.
273 3600 448 3715 ¹pqperiturl'
455 3600 520 3650 codd.
534 3600 590 3652 deu.
652 3601 829 3664 6quicodd.:
848 3601 907 3651 siP
967 3615 996 3649 12
1013 3601 1168 3652 interfuitP

159 3681 191 3730 23
208 3680 280 3729 possr
