2588 4178
462 250 465 254 ⁴
525 229 704 291 ORATOR
1084 243 1123 291 22
1138 249 1170 306 74

119 407 173 474 put
192 395 427 474 Agamemnonis
455 416 530 471 esse,
550 395 693 475 quoniam
722 417 872 458 summurn
901 397 984 458 illum
1009 401 1123 462 luctum

119 493 259 573 penicillo
278 514 339 554 non
359 505 461 572 posset
475 493 601 571 imitari3
622 494 647 554 si
661 494 793 573 denique
809 495 913 557 histrio
930 496 1004 574 quid
1017 499 1124 560 deceat

118 591 241 670 quaerit,
264 591 337 670 quid
361 591 533 653 faciendum
558 592 667 653 oratori
688 604 828 671 putemus
839 596 948 655 i—-sed
970 614 1040 655 cum
1064 599 1124 658 hoc

117 701 233 751 tantum
253 690 298 765 sit,
315 690 388 769 quid
408 691 437 750 in
459 690 554 751 causis
577 710 741 768 earumque
762 691 847 769 quasi
872 692 1014 754 membris
1035 694 1124 755 faciat

89 799 216 855 sorator
238 788 363 849 viderit:
394 788 469 850 illud
493 788 616 867 quidem
644 788 834 867 perspicuum
863 801 916 864 est,
942 810 1005 850 non
1030 794 1123 853 modo

117 886 208 964 partis
236 885 378 947 orationis
406 888 460 947 sed
488 886 578 947 etiarn
606 903 711 946 causas
739 897 816 947 totas
843 887 916 948 alias
943 887 1000 947 alia
1027 890 1124 949 forma

118 982 239 1044 dicendi
260 1003 326 1044 esse
347 985 524 1044 tractandas.

159 1081 298 1159 Sequitur
315 1093 348 1141 ut
367 1080 512 1159 cuiusque
528 1080 644 1160 generis
664 1093 736 1142 nota
754 1092 913 1159 quaeratur
931 1094 961 1143 et
978 1083 1122 1146 formula:
1134 1062 1175 1121 ²³

119 1199 261 1256 magnum
289 1198 365 1256 opus
393 1188 423 1239 et
451 1181 589 1253 arduum,
614 1189 647 1238 ut
675 1199 765 1257 saepe
796 1179 857 1240 iam
884 1178 1035 1255 diximus3
1069 1184 1122 1243 sed
1137 1154 1166 1203 ⁷⁵

76 1275 353 1353 reingredientibus
382 1275 634 1336 considerandum
664 1276 719 1336 luit
747 1276 821 1355 quid
852 1297 1015 1356 ageremus,
1041 1299 1122 1340 nunc

118 1373 241 1451 quidem
258 1373 318 1433 iam
333 1392 525 1451 quocumque
543 1376 671 1433 feremur
689 1376 791 1435 danda
804 1373 945 1434 nimirum
960 1380 1026 1436 vela
1043 1390 1120 1438 sunt„

117 1473 163 1530 Ac
177 1469 307 1548 primum
322 1469 528 1530 informandus
547 1481 593 1531 est
607 1469 656 1530 ille
675 1470 763 1531 nobis
778 1492 869 1549 quem
885 1474 983 1533 solum
997 1473 1121 1551 quidem

116 1578 226 1628 vocant
239 1567 382 1628 Atticum.
425 1566 608 1628 Summissus
626 1578 671 1628 est
685 1580 715 1628 et
729 1569 860 1645 humilis,
871 1571 1121 1633 consuetudinem
1136 1580 1168 1646 7⁶

117 1665 247 1740 imitans,
260 1665 300 1725 ab
314 1665 463 1726 indisertis
481 1686 512 1726 re
527 1667 594 1743 plus
609 1686 700 1742 quam
714 1665 857 1744 opinione
871 1667 1018 1728 differens.
1064 1671 1122 1730 Ita-

74 1778 103 1828 15
117 1783 176 1841 que
191 1783 259 1823 eum
275 1762 327 1841 qui
341 1763 476 1837 audiunt,
492 1762 628 1840 quamvis
648 1763 704 1840 ipsi
723 1762 852 1824 infantes
872 1764 941 1840 sint,
955 1778 1056 1827 tamen
1070 1766 1122 1827 illo

117 1862 210 1921 modo
227 1863 384 1921 confidunt
403 1880 435 1921 se
454 1881 543 1938 posse
562 1860 669 1921 dicere.
714 1863 794 1921 Nam
813 1861 955 1923 orationis
974 1863 1122 1925 subtilitas

116 1957 268 2018 imitabilis
288 1957 337 2017 illa
352 1958 475 2036 quidem
489 1959 607 2018 videtur
626 1978 692 2019 esse
711 1959 898 2034 existimanti,
915 1962 968 2021 sed
988 1961 1062 2021 nihil
1076 1972 1122 2023 est

116 2055 278 2134 experienti
302 2055 410 2115 minus.
459 2054 523 2114 Etsi
552 2055 632 2115 enim
661 2075 724 2115 non
748 2055 868 2134 plurimi
892 2056 1044 2134 sanguinis
1066 2069 1120 2130 est,

116 2153 225 2213 habeat
253 2164 354 2213 tamen
383 2172 488 2212 sucum
516 2152 647 2229 aliquem
675 2163 803 2230 oportet,
826 2164 866 2226 ut,
893 2153 983 2214 etiam
1012 2154 1037 2214 si
1064 2154 1121 2216 illis

72 2273 105 2308 20
118 2249 253 2309 maximis
267 2250 378 2310 viribus
398 2260 503 2323 careat,
520 2249 565 2323 sit,
582 2261 615 2309 ut
631 2250 672 2309 ita
689 2251 796 2322 dicam,
813 2249 927 2329 integra
939 2253 1119 2313 valetudine.

117 2346 251 2407 Primum
270 2346 358 2425 igitur
372 2367 440 2407 eum
460 2358 614 2424 tamquam
632 2367 649 2407 e
663 2347 789 2408 vinculis
804 2367 995 2409 numerorum
1014 2350 1121 2410 exima-
1136 2362 1167 2417 77

116 2464 191 2504 mus.
232 2447 307 2505 Sunt
321 2443 401 2504 enim
417 2444 548 2521 quidam,
559 2455 592 2504 ut
607 2444 672 2517 scis
689 2444 808 2505 oratorii
823 2445 946 2520 numeri,
957 2448 997 2507 de
1010 2447 1120 2524 quibus

116 2562 186 2602 mox
202 2549 339 2619 agemus,
349 2541 528 2602 observandi
542 2542 656 2602 ratione
671 2545 810 2620 quadam,
827 2545 881 2604 sed
894 2543 954 2603 alio
968 2542 999 2603 in
1012 2565 1121 2621 genere

116 2640 266 2713 orationis,
289 2639 320 2699 in
344 2642 403 2700 hoc
426 2639 551 2700 omnino
575 2640 772 2718 relinquendi.
815 2642 952 2701 Solutum
974 2640 1119 2718 quiddam
1187 2698 1188 2701 ,

71 2760 102 2806 25
116 2736 153 2796 sit
181 2757 238 2796 nec
260 2756 368 2814 vagum
393 2749 503 2809 tamen,
530 2749 562 2797 ut
587 2737 701 2815 ingredi
729 2738 829 2811 libere,
854 2757 916 2797 non
941 2749 973 2797 ut
998 2737 1121 2799 licenter

115 2834 251 2894 videatur
277 2853 380 2894 errare.
423 2835 524 2894 Verba
554 2833 644 2894 etiam
672 2825 770 2894 verbis
798 2834 884 2912 quasi
912 2846 1121 2912 coagmentare

115 2935 258 3009 neglegat.
307 2932 411 2992 Habet
433 2931 513 2992 enim
536 2932 585 2992 ille
610 2943 762 3010 tamquam
784 2932 883 2992 hiatus
905 2944 935 2992 et
957 2953 1120 2994 concursus

114 3029 263 3088 vocalium
291 3031 381 3089 molle
409 3029 553 3107 quiddam
583 3041 612 3089 et
636 3032 720 3106 quod
748 3029 861 3096 indicet
889 3050 950 3089 non
975 3029 1120 3107 ingratam

114 3125 331 3204 neglegentiam
354 3127 393 3186 de
417 3147 449 3185 re
473 3125 605 3185 hominis
628 3122 721 3204 magis
745 3147 836 3204 quam
861 3129 900 3187 de
920 3126 1017 3186 verbis
1040 3128 1121 3188 labo-

68 3247 101 3292 30
114 3223 212 3283 rantis
260 3225 320 3284 Sed
343 3223 397 3283 erit
417 3222 582 3283 videndum
604 3225 642 3283 de
665 3223 794 3301 reliquis,
817 3244 886 3284 cum
911 3224 986 3283 haec
1008 3225 1070 3283 duo
1091 3223 1119 3284 ei
1134 3232 1165 3296 78

113 3320 251 3382 liberiora
269 3320 385 3393 fuerint,
401 3320 541 3381 circuitus
559 3309 835 3399 conglutinatioque
851 3320 1019 3381 verborum.
1063 3323 1120 3382 Illa

114 3418 194 3478 enim
217 3417 282 3496 ipsa
305 3429 458 3478 contracta
480 3428 510 3478 et
533 3418 648 3479 minuta
670 3439 732 3479 non
757 3422 947 3497 neglegenter
965 3420 1119 3478 tractanda

146 3587 179 3620 aa
197 3572 301 3620 oratorii
315 3571 381 3621 codd.
394 3570 467 3622 dett:
486 3574 580 3620 oratori
591 3569 615 3618 L
706 3588 738 3633 27
756 3580 782 3621 et
793 3586 932 3620 concursus
943 3557 1030 3634 Quint.
1043 3572 1076 3624 in
1091 3588 1115 3632 4.

114 3653 145 3700 37
157 3642 180 3685 et
194 3636 240 3685 lul.
255 3636 342 3700 Victor,
355 3652 380 3699 p.
395 3651 464 3698 432·
481 3652 606 3686 concursu
618 3636 641 3683 L
