2588 4178
187 230 251 290 ata
488 217 531 275 M.
560 215 688 274 TVLLI
717 213 950 276 CICERONIS

221 382 271 443 tia.
314 385 401 444 Haec
417 383 579 444 >verborum
608 380 779 459 coniugatio
806 382 926 462 συζυγία
952 379 1068 454 dicitur,
1098 399 1135 439 ex
1159 397 1218 455 qua

222 480 310 540 huius
331 480 413 541 modi
433 491 477 541 est
493 491 719 557 argumentum:
747 478 778 538 Si
799 497 997 557 compascuus
1017 496 1086 554 ager
1103 487 1158 550 est,
1172 474 1218 534 ius

178 603 208 652 13
222 588 268 638 est
278 597 475 655 compascere.
519 580 547 636 A
557 596 665 655 genere
679 576 722 637 sic
737 575 872 637 ducitur:
894 574 1047 653 Quoniam
1061 584 1218 652 argentum

221 695 313 736 omne
340 675 456 736 mulieri
477 677 608 752 legatum
635 685 688 746 est,
715 694 777 734 non
802 684 900 752 potest
924 693 960 734 ea
985 671 1114 750 pecunia
1141 690 1219 749 quae

222 783 376 832 numerata
400 771 483 832 domi
507 771 609 833 relicta
633 782 761 832 estnon
789 791 854 832 esse
876 772 990 847 legata3
1017 771 1114 829 forma
1137 767 1245 844 enim5

219 889 238 930 a
251 889 367 947 genere,
383 871 484 947 quoad
498 889 585 929 suum
602 888 714 929 nomen
730 867 844 940 retinet,
860 887 1026 948 numquam
1045 864 1217 943 seiungitur‚

220 977 374 1028 numerata
401 978 500 1027 autem
528 965 657 1044 pecunia
681 985 795 1026 nomen
823 965 936 1043 argenti
963 964 1088 1048 retinet3
1122 966 1220 1042 legata

178 1088 206 1138 ¹⁴
219 1062 307 1141 igitur
334 1063 458 1124 videtur.
511 1067 539 1123 A
566 1066 662 1124 forma
688 1062 811 1141 generis,
844 1083 935 1140 quam
967 1061 1128 1134 interdum,
1157 1080 1219 1138 quo

219 1161 344 1239 planius
359 1161 529 1239 accipiatur,
552 1172 666 1239 partem
690 1160 759 1221 licet
781 1159 936 1221 nominare
960 1162 1019 1221 hoc
1043 1161 1156 1220 modo:
1188 1159 1219 1218 Si

219 1258 260 1319 ita
274 1259 385 1319 Fabiae
400 1257 528 1335 pecunia
546 1260 642 1336 legata
655 1269 700 1318 est
713 1279 732 1318 a
745 1258 816 1330 viro,
833 1258 858 1318 si
872 1257 900 1318 ei
914 1257 977 1318 viro
997 1255 1219 1319 materfamilias
1234 1276 1258 1310 ιο

219 1367 314 1430 esset3
349 1355 373 1415 si
402 1376 437 1416 ea
464 1354 496 1415 in
524 1375 647 1415 manum
675 1375 737 1415 non
761 1366 949 1428 convenerat,
979 1354 1053 1414 nihil
1081 1355 1217 1415 debetur.

219 1453 323 1513 Genus
351 1452 431 1513 enim
456 1464 501 1513 est
523 1473 613 1527 uxor;
645 1452 708 1512 eius
733 1454 811 1513 duae
833 1455 964 1514 formae:
993 1471 1054 1512 una
1071 1456 1219 1511 matrum-

218 1549 352 1622 familias,
377 1547 442 1630 [eae
466 1560 544 1621 sunt,
567 1568 644 1627 quae
665 1549 696 1609 in
718 1570 840 1609 manum
865 1560 1070 1611 convenerunt
1079 1545 1101 1629 3]
1126 1551 1218 1609 altera

172 1685 173 1690 κ
217 1667 328 1721 earum,
344 1667 421 1725 quae
435 1658 551 1708 tantum
566 1649 659 1708 modo
673 1641 778 1708 uxores
795 1647 950 1708 habentur.
994 1649 1064 1723 Qua
1082 1645 1114 1705 in
1133 1657 1218 1724 parte

174 1769 203 1820 15
216 1763 287 1804 cum
301 1744 389 1804 suerit
403 1744 504 1818 Fabia,
520 1746 650 1821 legatum
666 1742 718 1828 [ei]
734 1765 796 1805 non
809 1743 942 1806 videtur,
977 1747 1006 1804 A
1020 1742 1216 1804 similitudine
1230 1760 1254 1809 15

217 1843 276 1903 hoc
296 1844 406 1903 modo:
428 1842 458 1902 Si
476 1844 567 1902 aedes
586 1861 640 1902 eae
662 1843 835 1924 corruerunt
850 1841 993 1903 vitiumve
1010 1841 1125 1906 facimt
1146 1861 1217 1918 qua-

217 1959 283 1999 rum
298 1959 369 2000 usus
383 1941 494 1999 fructus
508 1941 621 2016 legatus
636 1950 688 2011 est,
705 1941 790 1999 heres
805 1939 958 2000 restituere
972 1959 1034 1999 non
1053 1939 1146 1999 debet
1161 1959 1216 1998 nec

218 2037 346 2109 reficere,
370 2056 432 2096 non
458 2037 551 2114 magis
578 2056 669 2114 quam
697 2056 814 2096 servum
843 2035 1004 2108 restituere,
1030 2034 1055 2095 si
1077 2034 1103 2096 is
1130 2035 1215 2096 cuius

173 2145 204 2197 16
218 2153 289 2194 usus
310 2135 422 2194 fructus
438 2136 552 2210 legatus
573 2145 651 2194 esset
667 2131 838 2211 deperisset.
881 2136 910 2196 A
924 2132 1108 2207 differentia:
1132 2135 1213 2207 Non,

217 2230 242 2291 si
274 2231 357 2292 uxori
385 2230 435 2290 vir·
455 2230 562 2308 legavit
589 2242 744 2308 argentum
775 2251 866 2291 omne
893 2231 976 2308 quod
1009 2249 1098 2290 suum
1125 2241 1256 2304 essetne

217 2326 328 2389 idcirco
353 2348 430 2406 quae
451 2328 481 2387 in
503 2327 675 2388 nominibus
700 2329 819 2389 fuerunt
837 2330 934 2405 legata
959 2338 1037 2388 sunt
1081 2329 1214 2388 Multum

216 2425 297 2486 enim
319 2425 416 2486 differt
437 2425 468 2484 in
488 2445 596 2486 arcane
616 2425 748 2502 positum
769 2424 806 2485 sit
826 2436 982 2503 argentum
999 2446 1038 2485 an
1055 2424 1087 2485 in
1106 2426 1216 2486 tabulis

173 2547 201 2600 17
217 2519 395 2603 [debeatur].
440 2523 485 2580 Ex
499 2521 648 2581 contrario
668 2533 769 2581 autem
786 2521 848 2581 sic:
869 2523 898 2581 N
901 2541 941 2581 on
955 2522 1047 2582 debet
1060 2541 1096 2582 ea
1111 2521 1217 2599 mulier

216 2620 265 2681 cui
279 2619 322 2680 vir
335 2620 483 2680 bonorum
498 2639 620 2679 suorum
635 2639 722 2679 usum
736 2620 865 2678 fructum
879 2617 987 2696 legavit
1000 2617 1083 2679 cellis
1097 2619 1216 2680 vinariis

216 2727 246 2776 et
265 2716 381 2778 oleariis
401 2715 497 2794 plenis
517 2715 634 2789 relictis,
650 2726 754 2794 putape
775 2714 807 2774 id
825 2716 865 2775 ad
886 2735 918 2776 se
937 2715 1093 2794 pertinere..
1135 2719 1216 2778 Vsus
1231 2736 1257 2784 ²5

109 2802 110 2805 ¹
216 2812 305 2885 enim,
336 2834 397 2873 non
426 2812 548 2887 abusus,
571 2815 685 2890 legatus
710 2825 784 2874 est·
807 2811 866 2895 [Ea
890 2824 960 2872 sunt
982 2813 1059 2873 inter
1086 2833 1118 2874 se
1146 2834 1217 2875 con·

173 2951 202 2998 ¹3
217 2907 343 2990 traria]¹
377 2912 427 2971 Ab
451 2909 617 2971 adiunctis:
649 2910 681 2970 Si
709 2931 745 2970 ea
772 2910 878 2970 mulier
905 2920 1118 2971 testamentum
1146 2912 1217 2996 fecit

153 3012 154 3015 ’
216 3027 294 3084 quae
315 3027 347 3067 se
368 3008 466 3085 capite
486 3028 651 3085 numquam
673 3007 828 3082 deminuit,
845 3028 907 3068 non
926 3007 1043 3068 videtur
1060 3026 1096 3067 ex
1114 3008 1217 3070 edicto

215 3104 359 3181 praetoris
373 3107 539 3165 secundum
554 3124 604 3165 eas
619 3106 735 3165 tabulas
749 3105 899 3183 possessio
917 3105 990 3166 dari.
1033 3105 1217 3183 Adiungitur

119 3242 122 3247 -
216 3201 305 3274 enim,
316 3212 349 3262 ut
358 3204 525 3263 secundum
537 3222 697 3274 servorum,
710 3205 876 3263 secundum
891 3204 1034 3276 exsulum,
1046 3206 1215 3265 secundum
1229 3221 1260 3270 30

173 3327 202 3378 ¹9
216 3318 376 3376 puerorum
399 3298 514 3359 tabulas
538 3298 688 3377 possessio
712 3299 847 3360 videatur
871 3319 907 3360 ex
928 3299 1028 3362 edicto
1049 3300 1120 3360 dari.
1165 3303 1217 3363 Ab

251 3466 281 3514 13
297 3469 363 3502 eae.
379 3459 592 3505 ..convenerunt
608 3452 658 3501 secl
682 3453 798 3504 Niaolr'us
898 3469 927 3516 15
945 3455 970 3503 ei
992 3441 1041 3506 orn.
1061 3453 1085 3503 Ο
1187 3458 1218 3506 1⁶

216 3517 357 3568 fecerunta
426 3533 458 3580 23
475 3519 600 3568 debeatur
610 3518 661 3567 secl.
675 3518 807 3568 Hotoman
873 3522 913 3582 26,
924 3535 955 3583 27
975 3518 1030 3569 Ea.
1044 3558 1050 3571 .
1065 3554 1072 3570 .
1085 3523 1218 3572 contraria

215 3584 266 3633 secl.
279 3583 409 3632 Hammer
502 3599 536 3645 29
552 3585 736 3646 adiungeretur
747 3584 772 3632 Α
787 3601 793 3634 :
809 3584 965 3645 adiungetur
974 3585 1027 3634 Bm
