2588 4178
534 209 712 271 oraroa
1088 228 1129 286 ,4
1142 226 1171 275 ⁸,

129 376 226 437 verbis
245 375 299 436 erit
312 376 410 436 audax
424 387 453 435 et
468 375 499 435 in
513 375 721 436 transferendis
735 380 920 438 verecundus
935 390 965 438 et
979 398 1085 455 parcus
1099 392 1129 440 et

130 474 160 533 in
175 474 278 551 priscis
291 476 322 533 r'n
337 472 516 551 reliquisque
530 473 712 533 ornamentis
722 486 751 534 et
760 475 918 534 verborum
933 487 963 536 et
973 477 1130 537 sententia·

129 592 195 631 rum
214 570 388 645 demissior;
417 591 450 630 ea
473 570 663 631 translatione
685 573 808 632 fortasse
835 573 972 647 crebrior,
994 593 1053 651 qua
1077 577 1131 635 fre-

129 667 323 745 quentissime
341 687 438 728 sermo
457 667 555 727 omnis
571 667 663 727 utitur
681 689 743 729 non
760 672 852 731 modo
869 671 1059 744 urbanorum,
1076 674 1130 732 sed

100 786 114 833 5
129 765 218 825 etiam
232 764 426 831 rusticorum:
447 764 473 825 si
487 763 609 842 quidem
624 777 669 825 est
683 785 785 825 eorum
800 787 949 843 gemmare
963 767 1039 841 vitia,
1050 769 1129 830 sitire

128 882 222 939 agros,
237 865 329 922 laetas
343 882 409 922 esse
423 875 545 938 segetes,
562 861 711 922 luxuriosa
724 865 879 924 frumenta.
924 865 1007 925 Nihil
1022 868 1129 926 horum
1142 877 1174 926 82

128 980 232 1038 pamm
251 961 400 1032 audacter,
416 961 470 1019 sed
489 971 540 1018 aut
558 958 654 1018 simile
673 970 718 1019 est
737 959 779 1019 illi
799 963 879 1021 unde
898 966 1063 1038 transferas,
1078 975 1130 1024 aut

128 1057 152 1118 si
167 1078 213 1117 res
230 1076 317 1117 suum
336 1058 453 1115 nullum
472 1056 563 1116 habet
576 1077 697 1131 nomen,
713 1058 843 1118 docendi
858 1079 948 1120 causa
966 1075 1128 1139 sumptum,

128 1176 190 1215 non
209 1155 334 1215 ludendi
347 1154 472 1214 videtur.
516 1156 587 1214 Hoc
607 1168 783 1216 ornamento
800 1156 920 1218 liberius
934 1160 1025 1236 paulo
1039 1180 1129 1237 quam

87 1279 115 1312 ιο
129 1252 233 1313 ceteris
250 1264 349 1312 utetur
362 1251 412 1311 hic
429 1250 613 1323 summissus,
629 1272 685 1312 nec
704 1263 764 1312 tam
785 1253 914 1315 licenter
924 1267 1024 1316 tamen
1039 1277 1130 1334 quam

128 1351 153 1411 si
176 1371 284 1429 genere
306 1346 428 1410 dicendi
450 1360 581 1408 uteretur
602 1348 787 1427 amplissimo
797 1373 806 1424 ;
833 1350 933 1429 itaque
954 1353 1029 1426 illud
1049 1354 1131 1415 inde·
1143 1363 1182 1423 ²5

128 1470 240 1524 corum,
256 1451 340 1527 quod
354 1450 442 1527 quale
459 1447 496 1508 sit
510 1468 547 1508 ex
561 1449 671 1507 decoro
686 1448 777 1508 debet
791 1448 929 1527 intellegi,
945 1451 994 1512 hic
1008 1473 1130 1530 quoque

127 1558 258 1624 apparet,
280 1566 349 1606 cum
374 1545 498 1606 verbum
526 1544 650 1621 aliquod
675 1545 764 1605 altius
788 1549 959 1607 transfertur
982 1548 1074 1626 idque
1099 1549 1129 1609 in

128 1644 262 1704 oratione
281 1642 386 1703 humili
406 1642 526 1719 ponitur
542 1643 626 1719 quod
647 1641 727 1702 idem
746 1642 777 1701 in
796 1642 854 1703 alia
872 1646 998 1706 deceret.
1042 1649 1129 1706 Illam
1143 1663 1175 1723 83,

85 1764 115 1812 15
128 1754 229 1801 autem
254 1740 497 1813 concinnitatem,
517 1760 594 1818 quae
615 1741 772 1800 verborum
797 1743 1035 1804 conlocationem
1057 1744 1131 1804 inlu-

129 1838 223 1898 minat
239 1837 281 1898 eis
301 1837 466 1898 luminibus
487 1858 564 1915 quae
584 1837 689 1897 Graeci
709 1837 794 1914 quasi
813 1839 930 1917 aliquos
949 1852 1048 1917 gestus
1069 1861 1130 1901 ora·

128 1935 217 1995 tionis
238 1937 374 2015 σχήματα
395 1937 553 2014 appellant,
570 1937 653 2012 quod
674 1935 754 1996 idem
774 1937 898 1997 verbum
918 1938 958 1997 ab
979 1937 1021 1997 eis
1040 1937 1129 1997 etiam

127 2032 158 2091 in
178 2033 392 2095 sententiarum
414 2044 589 2094 ornamenta
606 2035 785 2108 transfertur,
801 2034 925 2094 adhibet
939 2034 987 2094 hic
1007 2034 1129 2111 quidem

128 2130 253 2205 subtilis,
280 2152 371 2209 quem
399 2130 456 2191 nisi
484 2131 567 2207 quod
594 2132 691 2190 solum
719 2131 871 2209 ceteroqui
899 2144 978 2192 recte
1007 2133 1129 2209 quidam

85 2259 115 2293 ιο
127 2241 237 2289 vocant
248 2229 391 2302 Atticum,
404 2229 458 2289 sed
472 2229 562 2305 paulo
577 2227 712 2304 parcius;
733 2248 802 2287 nam
822 2228 864 2289 sic
882 2241 914 2289 ut
929 2228 959 2288 in
974 2232 1128 2307 epularum

125 2340 270 2405 apparatu
284 2349 303 2386 a
318 2324 537 2405 magnificentia
551 2326 694 2385 recedens
708 2346 770 2386 non
784 2347 816 2387 se
827 2347 950 2404 parcum
964 2330 1060 2388 solum
1076 2330 1130 2390 sed

127 2424 218 2485 etiam
240 2428 405 2502 elegantem
425 2423 519 2483 videri
536 2424 671 2493 voletet
688 2423 776 2501 eliget
793 2424 902 2501 quibus
921 2437 1020 2484 utatur
1030 2448 1038 2499 ;
1060 2439 1130 2487 sunt
1142 2437 1174 2502 ⁸4

127 2522 208 2582 eninr
233 2524 374 2600 pleraque
400 2533 471 2598 apta
495 2519 583 2579 huius
607 2518 699 2597 ipsius
722 2521 845 2581 oratoris
867 2523 906 2583 de
934 2542 995 2599 quo
1023 2525 1130 2600 loquor

127 2620 333 2697 parsimoniae.
386 2621 464 2679 Nam
489 2618 539 2677 illa
566 2619 606 2678 de
633 2617 743 2695 quibus
766 2631 836 2679 ante
860 2619 921 2679 dixi
943 2619 1014 2680 huic
1040 2632 1130 2681 acuto

84 2742 113 2792 ²⁵
127 2717 269 2795 fugienda
293 2728 379 2777 sunt:
408 2715 490 2793 paria
513 2714 634 2793 paribus
659 2718 750 2776 relata
777 2727 807 2776 et
831 2716 965 2777 similiter
988 2721 1131 2803 conclusa

126 2816 296 2892 eodemque
324 2825 414 2891 pacto
442 2812 579 2873 cadentia
609 2824 639 2872 et
666 2813 874 2877 immutatione
903 2815 1016 2875 litterae
1045 2822 1130 2893 quasi

128 2912 280 2988 quaesitae
299 2921 477 2982 venustates,
495 2930 534 2970 ne
553 2911 705 2970 elaborata
722 2911 909 2972 concinnitas
928 2923 958 2972 et
975 2914 1129 2990 quoddam
1149 2969 1151 2974 .

19 3049 21 3052 ⁴
126 3009 288 3087 aucupium
310 3007 516 3069 delectationis
545 3007 703 3069 manifesto
728 3011 947 3086 deprehensum
969 3021 1128 3087 appareat;

162 3179 178 3211 a
193 3166 220 3212 in
233 3163 388 3227 reliquisque
399 3160 466 3211 Rerd
475 3180 482 3211 r
499 3177 591 3226 parcus
608 3162 634 3210 in
654 3163 746 3225 priscis
762 3162 816 3213 edd.
827 3163 937 3225 plurimi
1100 3173 1129 3226 '3

126 3250 158 3283 ea
169 3229 228 3279 add.
241 3229 381 3292 Heerdegen
552 3242 567 3288 5
584 3229 657 3276 sitire
668 3227 693 3274 F
693 3231 701 3255 ¹
713 3244 770 3276 cum
783 3227 869 3290 Quint.
883 3228 933 3277 viii.
946 3231 970 3278 6.
984 3232 1035 3277 det
1044 3227 1130 3280 Nora:

127 3300 193 3348 scire
213 3292 322 3343 F¹O¹P¹
336 3313 342 3343 z
365 3291 483 3342 lascivire
502 3290 604 3340 Mon*
616 3293 636 3340 d
760 3308 790 3354 14
807 3294 856 3342 alia
867 3291 890 3340 L
902 3309 908 3340 :
926 3292 979 3342 alta
995 3294 1130 3343 Manutius

129 3366 159 3413 18
176 3360 282 3412 adhibet
293 3358 334 3407 L:
350 3358 481 3408 adhibebit
492 3358 564 3407 Bake
652 3358 693 3406 hic
711 3359 815 3419 quidem
832 3358 919 3420 vulg:
935 3359 1038 3419 quidem
1051 3358 1128 3408 hicL

130 3445 160 3490 19
178 3426 309 3487 ceteroqui
320 3424 476 3486 Heerdegen:
493 3424 642 3486 ceteroquin
655 3423 721 3471 codd.
735 3422 789 3473 dett.
801 3440 807 3471 :
824 3432 962 3486 ceteroque
973 3421 997 3470 L
1096 3441 1129 3474 πο

127 3496 194 3543 sicut
205 3492 272 3554 nugs.
285 3508 291 3538 :
308 3490 330 3538 si
342 3495 369 3537 ut
380 3487 404 3536 L
543 3502 572 3536 ar
592 3504 608 3536 a
619 3487 676 3537 add.
689 3487 756 3538 codd.
767 3488 824 3539 dett.
962 3504 994 3538 aa
1011 3497 1038 3538 et
1049 3490 1129 3552 elig‘et

127 3560 216 3609 Bake:
232 3558 311 3616 eliget
321 3553 360 3603 L:
378 3555 508 3616 eligetque
520 3553 661 3602 Lambinus
758 3568 791 3615 23
807 3562 867 3616 apta
879 3553 1035 3603 Lambinus:
1052 3563 1128 3618 aptae

128 3624 151 3672 L
251 3624 285 3670 26
301 3621 373 3683 quasi
384 3620 436 3670 secl.
449 3620 610 3669 Lambinus:
623 3624 679 3683 post
690 3620 817 3681 quoddam
829 3619 957 3669 transtulit
967 3619 1061 3669 Schute
