2588 4178
153 194 195 254 26
209 216 240 266 93
446 195 490 255 M.
512 194 641 252 TVLLI
663 189 897 254 CICERONIS

208 361 276 424 illae
290 360 456 440 superiores
470 358 664 420 conficientes
678 370 829 432 vocentur,
845 360 903 419 hae
916 357 1047 436 reliquae
1062 368 1212 436 ponantur

163 475 196 527 94
208 459 239 520 in
264 480 302 522 eo
323 478 439 537 genere,
462 469 495 518 ut
518 457 583 518 sine
605 457 652 519 his
675 457 784 519 confici
808 477 870 518 non
892 455 994 534 possit
1037 453 1210 520 Conficiens

207 572 308 620 autem
330 577 421 619 causa
441 557 500 618 alia
523 569 568 618 est
591 557 729 618 absoluta
750 567 780 617 et
801 558 933 634 perfecta
953 575 1007 634 per
1030 574 1071 628 se,
1092 553 1153 615 alia
1173 555 1211 614 ad

206 657 320 736 aliquid
347 655 492 718 adiuvans
520 666 549 716 et
573 654 721 716 efficiendi
749 655 830 716 socia
857 656 1006 733 quaedam
1018 675 1027 728 3
1057 651 1210 714 cuiusvis

205 755 321 833 generis
342 753 422 815 varia
441 764 486 814 est
507 764 537 814 et
558 773 647 832 saepe
667 763 719 813 aut
740 753 834 814 maior
853 765 905 813 aut
925 749 1048 833 minor[,
1066 762 1099 811 ut
1120 749 1235 811 etiams

163 846 165 850 ¹
206 874 242 915 ea
266 872 345 930 quae
373 851 531 912 maximam
553 851 614 911 vim
638 851 730 912 habet
751 854 815 911 sola
842 871 931 928 saepe
958 870 1049 912 causa
1072 844 1200 928 dicatur]

207 952 283 1011 Sunt
303 961 405 1010 autem
424 948 500 1010 aliae
521 969 636 1022 causae,
653 969 731 1027 quae
751 960 803 1009 aut
823 960 944 1028 propter
961 945 1143 1027 principium
1160 956 1211 1006 aut

207 1059 328 1126 propter
342 1046 453 1108 exitum
465 1045 658 1107 conficientes
669 1057 822 1107 vocantur.
859 1047 938 1109 Cum
949 1057 1049 1106 autem
1061 1043 1212 1122 quaeritur

208 1145 282 1223 quid
303 1145 340 1206 sit
361 1144 509 1222 optimum
529 1146 619 1218 lactu,
633 1154 685 1204 aut
706 1143 817 1205 utilitas
835 1155 889 1204 aut
909 1164 977 1222 spes
1002 1140 1152 1203 efficiendi
1173 1142 1211 1201 ad

206 1241 438 1302 adsentiendum
461 1240 587 1319 impellit
611 1240 737 1301 animos.
781 1244 820 1301 Et
847 1239 990 1319 quoniam
1018 1241 1057 1300 de
1085 1237 1213 1298 utilitate
1227 1253 1252 1290 10

206 1339 265 1399 iarn
294 1339 432 1412 diximus,
461 1341 500 1400 de
528 1339 676 1400 efficiendi
703 1339 818 1400 ratione
845 1338 989 1400 dicamus.
1047 1339 1119 1413 Quo
1147 1346 1212 1397 toto

204 1444 314 1515 g'enere
338 1437 517 1516 quibuscum
540 1449 570 1498 et
592 1449 696 1498 contra
720 1457 805 1515 quos,
829 1458 890 1515 quo
915 1448 1049 1514 tempore
1072 1445 1126 1494 aut
1150 1453 1212 1512 quo

206 1537 274 1595 loco
294 1545 346 1595 aut
370 1533 480 1611 quibus
504 1534 694 1596 facultatibus
718 1555 869 1596 armorum
893 1533 1039 1612 pecuniae
1060 1531 1211 1593 sociorum

205 1651 344 1692 earumve
358 1651 455 1692 rerum
470 1651 547 1709 quae
561 1634 600 1692 ad
616 1652 768 1710 quamque
782 1652 845 1693 rem
859 1631 1049 1696 efficiendam
1061 1629 1212 1707 pertinent

205 1729 355 1807 possimus
376 1729 420 1789 uti
436 1729 646 1807 requirendum
662 1741 715 1791 est.
759 1733 868 1808 Neque
882 1732 980 1790 solum
999 1749 1035 1789 ea
1048 1740 1119 1788 sunt
1133 1746 1211 1805 quae
1226 1746 1251 1798 ¹5

121 1855 122 1858 ¹
205 1826 292 1887 nobis
312 1839 479 1905 suppetant,
502 1829 556 1888 sed
577 1828 666 1889 etiam
688 1829 739 1888 illa
760 1849 837 1907 quae
856 1830 1050 1888 adversentur
1069 1825 1210 1887 videnda.

205 1926 245 1984 Et
266 1923 290 1984 si
315 1944 351 1984 ex
372 1925 565 1987 contentione
588 1925 763 2004 procliviora
787 1937 874 1987 erunt
896 1937 1004 1994 nostra,
1027 1943 1090 1984 non
1113 1925 1212 1983 solum

204 2020 280 2081 effici
300 2039 388 2098 posse
407 2041 484 2099 quae
504 2024 665 2083 suademus
687 2023 741 2083 erit
760 2024 1011 2101 persuadendum,
1033 2024 1088 2084 sed
1109 2041 1212 2082 curan-

204 2120 278 2179 dum
313 2118 403 2179 etiam
436 2131 469 2179 ut
497 2122 546 2180 illa
578 2119 676 2181 facilia
707 2121 849 2200 proclivia
880 2120 1013 2182 iucunda
1043 2120 1209 2182 videantur.

206 2215 457 2277 Dissuadentibus
490 2229 591 2278 autem
624 2230 675 2278 aut
703 2218 814 2279 utilitas
846 2220 1054 2280 labefactanda
1087 2230 1132 2280 est
1159 2231 1211 2280 aut
1224 2234 1251 2270 20

205 2313 354 2374 efficiendi
375 2315 563 2378 difficultates
584 2318 759 2390 efferendae‚
776 2337 875 2394 neque
891 2316 956 2378 aliis
977 2338 1014 2379 ex
1035 2317 1209 2395 praeceptis,

158 2418 192 2485 96
206 2413 260 2472 sed
274 2412 388 2473 eisdem
403 2433 439 2473 ex
453 2413 598 2474 suasionis
619 2414 701 2475 locis.
743 2417 877 2492 Vterque
894 2434 965 2476 vero
983 2416 1023 2475 ad
1039 2416 1211 2493 augendum

205 2511 314 2571 habeat
338 2513 542 2590 exemplorum
566 2524 617 2572 aut
639 2512 812 2585 recentium,
837 2533 898 2589 quo
925 2503 1043 2574 notiora
1069 2512 1136 2586 sint,
1160 2525 1211 2574 aut

203 2618 345 2682 veterum,
368 2628 429 2686 quo
451 2611 519 2688 plus
539 2610 721 2670 auctoritatis
744 2611 883 2685 habeant,
905 2609 1024 2688 copiam
1035 2631 1045 2684 ;
1071 2610 1211 2672 maxime

203 2725 263 2782 que
291 2705 329 2765 sit
355 2705 387 2764 in
415 2707 474 2766 hoc
495 2722 603 2784 genere
626 2706 795 2781 meditatus,
819 2718 852 2768 ut
876 2707 971 2785 possit
995 2709 1043 2768 vel
1065 2706 1149 2768 utilia
1173 2727 1209 2768 ac
1223 2719 1251 2772 ²5

203 2801 369 2862 necessaria
386 2823 475 2881 saepe
494 2803 628 2865 honestis
642 2806 689 2864 vel
708 2806 783 2865 haec
797 2804 855 2864 illis
868 2806 1022 2866 anteferre.
1065 2806 1115 2865 Ad
1131 2825 1211 2866 com-

204 2901 370 2960 movendos
392 2912 493 2960 autem
522 2901 639 2962 animos
667 2901 796 2962 maxime
823 2901 988 2980 proficient,
1013 2901 1038 2962 si
1065 2901 1213 2964 incitandi

203 3009 297 3069 erunt,
313 2996 377 3057 eius
398 2997 482 3058 modi
503 2999 668 3060 sententiae
687 3019 764 3076 quae
785 3001 894 3064 autad
916 3001 1078 3077 explendas
1096 3000 1212 3078 cupidi·

203 3105 279 3154 tates
299 3105 351 3154 aut
372 3096 411 3155 ad
433 3094 536 3156 odium
558 3095 728 3157 satiandum
749 3107 802 3156 aut
821 3098 861 3157 ad
880 3096 1066 3158 ulciscendas
1087 3096 1211 3158 iniurias

201 3190 400 3268 pertinebunt.
452 3192 504 3252 Sin
526 3205 627 3254 autem
648 3193 838 3272 reprimendi,
858 3196 898 3255 de
918 3194 1032 3254 incerto
1053 3205 1132 3255 statu
1153 3197 1210 3256 for·
1222 3201 1251 3256 30

201 3300 291 3374 tunae
312 3288 473 3367 dubiisque
494 3291 607 3350 eventis
629 3311 726 3351 rerum
747 3292 910 3351 futurarum
933 3303 963 3352 et
983 3293 1023 3352 de
1043 3291 1208 3354 retinendis

201 3384 261 3444 suis
289 3385 422 3460 fortunis,
450 3387 475 3446 si
502 3390 770 3462 eruntsecundae‚
795 3388 841 3448 sin
865 3401 965 3450 autem
990 3390 1140 3464 adversae,
1167 3393 1208 3452 de

155 1209 194 1272 ²7

162 1300 194 1349 95

215 3551 239 3610 5,
253 3538 270 3585 6
288 3545 332 3588 ut.
348 3575 354 3588 .
368 3576 374 3589 .
388 3541 488 3591 dicatur
505 3557 555 3593 ont.
566 3542 639 3592 Pete.
709 3557 738 3607 15
756 3545 839 3595 solum
851 3560 903 3595 om.
912 3543 939 3592 P
1004 3545 1034 3593 18
1045 3545 1095 3593 erit
1106 3559 1158 3595 om.
1172 3543 1200 3593 P
