2588 4178
123 207 168 280 69
184 231 229 280 ²3¹
452 211 495 269 M.
525 212 653 271 TVLLI
682 211 915 274 CICERONIS

180 386 282 428 corum
304 368 455 427 rhetorum
475 367 624 446 principes
645 368 803 430 Hierocles
827 379 857 430 et
882 371 1042 430 Menecles
1059 367 1185 428 minime

179 485 246 526 mea
268 464 415 533 sententia
429 461 657 528 contemnendi.
701 467 766 527 Etsi
787 466 867 528 enim
892 487 910 527 a
933 469 1029 527 forma
1052 465 1185 527 veritatis

179 573 209 622 et
230 564 270 623 ab
291 561 459 622 Atticorum
484 566 585 642 regula
611 566 729 638 absunt,
746 576 856 626 tamen
883 567 943 626 hoc
969 564 1076 625 vitium
1104 584 1186 624 cour·

179 672 305 739 pensant
319 663 366 722 vel
380 663 520 722 facultate
533 665 581 723 vel
595 662 690 741 copia.
734 665 794 736 Sed
813 664 894 741 apud
913 682 966 722 eos
980 662 1105 723 varietas
1122 682 1186 722 non

179 769 248 831 erat,
259 759 341 835 quod
353 757 454 818 omnia
464 760 524 819 fere
535 760 862 820 concludebanturuno
872 761 973 819 modo.
1017 761 1104 835 Quae
1115 757 1187 819 vitia
1202 789 1217 837 5

180 855 231 933 qui
252 855 366 934 fugerit,
382 867 415 916 ut
433 876 532 934 neque
544 856 669 917 verbum
688 856 729 916 ita
746 855 859 917 traiciat
878 867 911 916 ut
931 856 963 917 id
984 858 1023 917 de
1039 856 1186 917 industria

82 944 83 947 ¹
179 955 291 1014 factum
322 953 516 1032 intellegatur,
544 974 643 1032 neque
673 953 831 1015 inferciens
860 956 952 1016 verba
983 954 1068 1032 quasi
1095 954 1186 1014 rimas

180 1055 304 1130 expleat,
315 1072 371 1112 nec
383 1051 513 1112 minutos
524 1072 664 1113 numeros
675 1052 956 1130 sequensconcidat
969 1052 1187 1130 delumbetque

179 1149 351 1224 sententias,
372 1171 429 1211 nec
445 1149 515 1211 sine
535 1153 595 1210 ulla
618 1150 854 1211 commutatione
878 1150 910 1210 in
934 1152 1043 1211 eodem
1067 1169 1187 1227 semper

180 1261 312 1310 versetur
333 1269 441 1328 genere
463 1266 663 1322 numerorum,
686 1247 712 1308 is
737 1248 838 1309 omnia
861 1250 923 1309 fere
946 1247 1018 1308 vitia
1041 1247 1184 1309 vitaverit.
1203 1274 1234 1309 10

183 1349 263 1407 Nam
278 1349 317 1408 de
330 1346 469 1407 laudibus
483 1349 577 1407 multa
595 1346 732 1421 diximus,
748 1347 857 1424 quibus
877 1357 946 1408 sunt
966 1346 1017 1407 illa
1030 1345 1188 1424 perspicue

127 1422 169 1484 ⁷⁰
184 1445 254 1506 vitia
275 1445 429 1507 contraria.
456 1447 628 1521 ¹Quantum
649 1455 751 1505 autem
773 1444 811 1505 sit
826 1455 907 1524 ¹apte
931 1444 1039 1519 dicere,
1063 1443 1190 1522 experiri

120 1515 168 1566 ῳ
183 1544 260 1619 licet,
276 1544 301 1607 si
314 1555 366 1605 aut
379 1543 538 1622 compositi
551 1542 675 1604 oratoris
688 1544 767 1604 bene
785 1554 928 1604 structam
946 1541 1189 1604 conlocationem

182 1643 326 1703 dissolvas
364 1640 583 1721 permutatione
620 1641 777 1702 verborum
787 1648 850 1717 3-'-
863 1652 1069 1720 corrumpatur
1105 1641 1189 1702 enim

182 1753 246 1802 tota
272 1760 327 1814 res,
351 1753 384 1800 ut
412 1737 467 1821 [et]
495 1728 570 1799 haec
596 1750 698 1799 nostra
725 1737 756 1797 in
785 1738 977 1800 Corneliana,
991 1749 1021 1798 et
1043 1738 1189 1816 deinceps
1204 1759 1233 1810 ¹5

132 1864 135 1869 ·
183 1838 307 1899 omnia:
325 1839 433 1916 Neque
447 1857 496 1897 me
509 1836 630 1898 divitiae
643 1847 774 1910 movent,
789 1835 899 1914 quibus
912 1835 1011 1896 omnis
1029 1835 1190 1897 Africanos

183 1951 213 1998 et
237 1936 355 1998 Laelios
377 1935 463 1996 multi
484 1934 621 1997 venalicii
635 1945 881 2012 ¹mercatoresque
906 1945 1100 2012 superarunt:
1136 1933 1191 1994 im-

184 2047 267 2096 muta
286 2036 450 2113 paululum,
466 2043 500 2094 ut
519 2032 557 2093 sit
578 2031 663 2093 multi
684 2045 859 2111 superarunt
880 2044 1058 2092 mercatores
1080 2033 1191 2094 venali-

183 2133 289 2212 ciique‚
305 2132 423 2212 perierit
442 2138 506 2192 tota
525 2151 593 2206 res;
615 2142 645 2192 et
662 2151 740 2209 quae
760 2141 943 2209 sequuntur:
974 2133 1084 2208 Neque
1097 2131 1189 2191 vestis

183 2246 235 2293 aut
248 2234 394 2293 caelatum
409 2250 514 2291 aurum
528 2241 558 2290 et
578 2229 742 2308 argentum,
758 2250 819 2307 quo
839 2240 957 2289 nostros
978 2239 1092 2289 veteres
1110 2231 1190 2290 Mar·
1203 2250 1233 2286 ro

183 2334 275 2393 cellos
290 2330 500 2408 Maximosque
513 2328 599 2390 multi
613 2328 744 2389 eunuchi
764 2349 781 2388 e
801 2328 883 2406 Syria
901 2331 1099 2407 Aegyptoque
1113 2327 1190 2388 vice-

183 2441 271 2503 runt3
299 2429 389 2489 verba
412 2439 549 2506 permuta
571 2425 625 2500 sic,
644 2438 677 2487 ut
698 2426 735 2487 sit
759 2426 893 2488 vicerunt
914 2425 1045 2487 eunuchi
1067 2445 1085 2486 e
1107 2425 1191 2503 Syria

184 2531 400 2606 Aegyptoque:
430 2528 509 2587 adde
537 2525 676 2587 tertium:
706 2527 815 2603 Neque
836 2545 906 2586 vero
934 2534 1110 2586 ornamenta
1134 2523 1191 2584 ista

185 2625 328 2699 villarum,
350 2624 459 2702 quibus
485 2627 518 2685 L.
542 2627 679 2685 Paullum
704 2635 734 2685 et
757 2626 790 2684 t,
814 2621 1006 2695 Mummium,
1027 2621 1079 2699 qui
1099 2621 1190 2696 rebus

184 2724 230 2784 his
252 2723 357 2784 urbem
379 2722 558 2800 Italiamque
578 2742 700 2783 omnem
721 2724 907 2794 referserunt,
921 2722 961 2781 ab
982 2719 1083 2798 aliquo
1100 2718 1190 2779 video
1204 2735 1234 2785 25

185 2821 324 2901 perfacile
339 2821 463 2882 Deliaco
479 2832 535 2880 aut'
548 2822 621 2898 Syro
641 2819 774 2899 potuisse
790 2819 940 2897 superari;
960 2820 1007 2878 fac
1025 2817 1084 2877 ita:
1097 2827 1192 2895 ›potu-

127 2947 173 2996 ²33
186 2921 244 2981 isse
259 2917 389 2997 superari
402 2920 441 2979 ab
455 2918 557 2997 aliquo
570 2921 644 2996 Syro
657 2929 709 2979 aut
724 2917 850 2978 Deliaco
861 2939 871 2992 3
890 2916 1022 2990 videsne,
1037 2927 1071 2976 ut
1084 2914 1192 2976 ordine

186 3019 343 3079 verborum
361 3020 515 3099 paululum
534 3024 727 3088 commutato,
742 3015 839 3075 isdem
858 3025 959 3075 tamen
977 3012 1075 3074 verbis
1094 3024 1192 3073 stante

187 3115 342 3189 sententia,
365 3116 405 3175 ad
432 3113 558 3174 nihilum
586 3113 689 3175 omnia
712 3113 854 3185 recidant,
877 3133 946 3172 cum
971 3111 1030 3172 sint
1054 3131 1091 3171 ex
1114 3110 1192 3189 aptis

219 3288 235 3331 4
252 3270 374 3319 facultate
396 3269 436 3320 L:
463 3271 585 3321 facilitate
608 3271 705 3335 Stangl
811 3284 880 3332 9-10
896 3283 956 3330 -per
974 3274 1110 3316 versetur:
1135 3265 1194 3314 briss

187 3335 270 3399 ino'pr'l
280 3337 361 3384 denuo
372 3336 422 3385 cod.
435 3336 462 3384 A
476 3333 478 3337 ’
585 3353 615 3388 10
631 3339 693 3386 vitia
704 3335 822 3385 vitaverit
835 3334 858 3383 L
871 3352 877 3383 ι
893 3334 1021 3383 vitiaverit
1031 3332 1058 3380 A
1161 3346 1190 3381 11

188 3401 230 3450 illa
241 3402 308 3452 codd.
322 3401 376 3451 deu.
389 3399 512 3466 Madvig:
528 3402 580 3451 alia
590 3401 642 3452 AL
713 3437 715 3442 ι
749 3417 780 3462 13
797 3400 932 3461 compositi
944 3399 970 3445 A
982 3416 988 3448 ς
1006 3396 1157 3460 compositis
1169 3397 1192 3446 L

190 3484 220 3528 14
238 3467 363 3516 dissolvas
382 3466 429 3516 A:
454 3471 576 3520 dissolvat
595 3470 619 3519 L
725 3473 901 3528 corrumpatur
919 3462 990 3513 AL:
1016 3469 1193 3525 corrumpetur

187 3532 302 3582 Hoerner
368 3548 398 3595 15
416 3541 442 3583 et
454 3552 503 3585 om.
518 3538 543 3583 A
661 3534 742 3595 17-18
758 3529 1191 3591 immuta...superaruntom.A

188 3600 221 3646 28
239 3599 321 3649 isdem
332 3607 418 3648 tamen
429 3602 515 3650 verbis
527 3603 552 3651 A
565 3620 572 3652 :
590 3601 671 3652 isdem
683 3598 768 3649 verbis
777 3601 811 3663 L,
823 3599 874 3650 secl.
886 3600 955 3650 Bake
