2588 4178
357 216 646 278 PARTITIONES
674 216 927 279 ORATORIAE
1103 230 1207 289 3913?

144 383 298 462 pertineat,
309 384 392 461 quod
400 403 494 460 genus
502 384 593 462 paulo
603 394 673 443 ante
684 382 842 461 attigimus,
852 381 907 442 erit
920 381 1034 443 eisdem
1047 381 1147 460 aequi-

144 481 213 542 tatis
234 480 389 542 sententiis
407 492 511 543 contra
528 479 720 541 acerbitatem
735 481 893 541 verborum
912 481 1144 557 deprecandum.

145 579 198 641 Sin
213 579 322 657 scripta
336 579 413 639 inter
426 599 491 639 sese
505 578 689 651 dissentient,
705 589 788 639 tanta
806 577 895 638 series
915 577 984 638 artis
1001 589 1046 638 est
1059 588 1089 638 et
1103 576 1146 638 sic
1183 577 1184 580 ’

144 677 222 738 inter
242 697 275 738 se
295 688 365 741 sunt
378 679 519 754 pleraque
538 696 652 738 conexa
670 687 700 736 et
720 687 797 753 apta,
809 687 855 749 ut,
871 695 948 753 quae
967 677 1057 754 paulo
1076 687 1146 736 ante

115 801 130 850 5
144 785 303 853 praecepta
316 773 455 835 dedimus
470 772 608 852 ,ambigui
627 794 764 852 quaeque
781 774 915 853 proxime
935 773 1099 835 sententiae
1116 786 1146 834 et

144 872 254 951 scripti,
275 874 381 933 eadem
402 874 441 932 ad
462 874 521 943 hoc
541 892 635 950 genus
657 893 764 933 causae
784 872 903 933 tertium
925 875 1143 933 transferantur.

145 972 226 1031 Nam
241 969 350 1048 quibus
364 971 438 1031 locis
457 969 488 1029 in
509 970 651 1048 ambiguo
665 969 855 1031 defendimus
874 990 940 1030 eam
959 968 1207 1047 significatio-1³8

143 1088 215 1129 nem
235 1088 312 1146 quae
332 1087 389 1128 nos
407 1067 536 1142 adiuvat,
553 1067 667 1129 eisdem
687 1067 718 1128 in
737 1067 889 1129 contrariis
908 1067 1022 1145 legibus
1045 1079 1146 1128 nostra

144 1168 192 1227 lex
216 1167 408 1227 defendenda
432 1177 485 1226 est.
533 1165 653 1227 Deinde
680 1177 725 1226 est
749 1164 947 1238 efficiendum,
970 1177 1004 1225 ut
1027 1165 1146 1225 alterius

99 1286 130 1322 10
143 1263 245 1342 scripti
273 1263 451 1324 sententiam
480 1263 599 1324 alterius
623 1265 714 1325 verba
741 1265 946 1324 defendamus
995 1264 1042 1323 Ita
1069 1283 1146 1340 quae

144 1363 238 1422 modo
266 1362 305 1422 de
333 1360 444 1438 scripto
474 1360 682 1439 sententiaque
710 1361 923 1439 praecepimus,
952 1362 1058 1421 eadem
1086 1361 1146 1420 huc

144 1458 247 1520 omnia
267 1459 484 1519 transferemus.
1156 1503 1201 1562 40

186 1555 347 1635 Expositae
374 1556 429 1616 tibi
457 1577 563 1618 omnes
592 1568 661 1616 sunt
689 1556 833 1617 oratoriae
861 1555 1042 1634 partitiones,
1068 1575 1146 1633 quae
1162 1595 1207 1646 ¹39

144 1653 267 1731 quidem
289 1674 306 1714 e
328 1652 428 1714 media
450 1654 500 1713 illa
521 1665 621 1715 nostra
641 1653 807 1736 Academia
826 1655 1026 1728 effloruerunt,
1047 1672 1145 1730 neque

100 1770 130 1822 1⁵
144 1751 210 1812 sine
223 1771 259 1812 ea
277 1763 328 1812 aut
342 1750 468 1812 inveniri
481 1763 533 1811 aut
547 1751 678 1829 intellegi
691 1763 743 1811 aut
758 1750 874 1812 tractari
887 1762 1021 1829 possunt
1065 1752 1144 1810 Nam

143 1861 175 1910 et
191 1848 291 1926 partiri
310 1848 408 1926 ipsum
429 1860 460 1910 et
475 1848 600 1910 definire
620 1860 651 1910 et
668 1848 800 1927 ambigui
819 1848 992 1927 partitiones
1013 1847 1145 1909 dividere

143 1957 174 2008 et
198 1958 439 2025 argumentorum
463 1949 547 2007 locos
570 1967 660 2007 nosse
687 1958 717 2007 et
738 1945 1024 2024 argumentationem
1049 1945 1144 2023 ipsam

144 2047 324 2105 concludere
346 2056 376 2105 et
392 2043 492 2104 videre
511 2064 589 2122 quae
611 2045 757 2105 sumenda
777 2042 808 2103 in
829 2045 1066 2122 argumentando
1087 2043 1146 2103 sint

144 2141 279 2220 quidque
298 2162 334 2202 ex
348 2141 391 2202 eis
412 2162 490 2220 quae
508 2153 628 2220 sumpta
646 2153 714 2202 sunt
735 2141 878 2202 efficiatur
892 2153 922 2202 et
935 2161 1004 2201 vera
1024 2141 1146 2216 afalsis,

98 2266 132 2302 ao
144 2239 206 2300 veri
223 2238 330 2299 similia
343 2241 383 2301 ab
397 2239 621 2301 incredibilibus
635 2238 798 2301 diiudicare
813 2250 842 2301 et
856 2237 1037 2316 distinguere
1050 2249 1080 2299 et
1094 2248 1145 2298 aut

144 2340 223 2398 male
242 2349 361 2416 sumpta
378 2349 430 2398 aut
444 2339 521 2398 male
543 2339 685 2399 conclusa
703 2339 920 2416 reprehendere
934 2348 964 2397 et
978 2339 1084 2398 eadem
1098 2338 1145 2397 vel

142 2447 268 2514 anguste
289 2435 442 2510 disserere,
459 2446 492 2495 ut
506 2434 660 2496 dialectici
679 2434 730 2513 qui
750 2437 945 2513 appellantur,
961 2436 1016 2506 vel,
1032 2445 1066 2494 ut
1084 2454 1146 2495 ora-

143 2544 239 2594 torem
254 2535 350 2606 decet,
364 2535 423 2593 late
438 2546 618 2611 expromere,
632 2533 709 2593 illius
723 2531 941 2594 exercitationis
956 2544 986 2593 et
1000 2530 1146 2592 subtiliter

145 2625 318 2705 disputandi
346 2638 376 2687 et
403 2626 525 2704 copiose
550 2626 673 2687 dicendi
695 2627 765 2687 artis
789 2637 842 2687 est.
889 2629 936 2687 De
964 2625 1052 2686 bonis
1076 2641 1211 2693 vero140

101 2742 132 2794 ²5
145 2724 234 2785 rebus
255 2736 285 2785 et
305 2723 399 2797 malis,
418 2723 522 2801 aequis
546 2723 663 2803 iniquis,
684 2723 807 2783 utilibus
830 2723 992 2796 inutilibus,
1013 2721 1146 2783 honestis

144 2821 281 2900 turpibus
301 2842 391 2899 quam
413 2833 512 2900 potest
532 2822 642 2883 habere
666 2832 764 2882 orator
785 2821 849 2882 sine
873 2821 930 2881 illis
951 2821 1145 2881 maximarum

142 2940 240 2981 rerum
255 2919 367 2981 artibus
382 2921 552 2981 facultatem
566 2931 618 2980 aut
629 2919 771 2998 copiam?
804 2921 873 2996 Qua
884 2940 914 2981 re
925 2921 999 2980 haec
1010 2918 1064 2983 tibi
1076 2917 1143 2992 sint,

142 3017 184 3077 mi
200 3016 315 3092 Cicero,
331 3037 408 3095 quae
425 3017 557 3096 exposui,
573 3017 657 3095 quasi
672 3017 783 3079 indicia
801 3017 929 3078 fontium
949 3017 1066 3077 illorum
1075 3039 1085 3092 3
1106 3019 1145 3078 ad

142 3135 220 3192 quos
234 3114 260 3174 si
273 3114 361 3176 nobis
375 3114 489 3176 eisdem
503 3115 631 3176 ducibus
642 3114 744 3176 aliisve
757 3114 933 3192 perveneris,
946 3125 1010 3174 tum
1025 3125 1055 3175 et
1068 3116 1144 3175 haec

97 3231 129 3281 30
142 3210 208 3290 ipsa
227 3211 333 3272 melius
352 3224 383 3273 et
402 3214 498 3273 multo
517 3213 630 3273 maiora
647 3211 705 3272 alia
723 3232 895 3290 cognosces.
939 3212 976 3275 C.‘
991 3214 1056 3289 Ego
1075 3231 1145 3272 vero
1187 3286 1189 3289 Ι

142 3330 178 3370 ac
198 3329 308 3388 magno
323 3310 450 3388 quidem
470 3309 579 3384 studio,
595 3309 635 3369 mi
654 3321 745 3388 pater,
762 3307 923 3388 multisque
942 3330 978 3370 ex
992 3309 1049 3369 tuis
1064 3329 1146 3387 prae-

142 3406 310 3468 clarissimis
325 3407 498 3470 muneribus
512 3409 627 3467 nullum
642 3407 738 3468 maius
753 3418 901 3485 exspecto.

493 3577 525 3626 ²9
542 3562 617 3638 nobis
628 3559 712 3626 vulgat
729 3562 769 3611 his
780 3563 806 3612 P
