2588 4178
559 204 723 264 BRVTVS
1096 200 1137 276 84
1153 226 1201 278 ²90

140 372 300 446 dicturum,
316 375 400 433 locus
415 371 446 432 in
457 371 603 433 subselliis
618 384 787 450 occupetur,
800 373 984 450 compleatur
999 371 1136 443 tribunal,

140 469 262 547 gratiosi
289 469 403 532 scribae
431 469 490 530 sint
517 469 549 528 in
576 471 679 530 dando
707 481 737 529 et
765 471 902 530 cedendo
925 471 1001 540 loc0,
1027 488 1139 529 corona

142 567 305 645 multiplex,
328 567 418 628 iudex
439 579 573 640 erectus;
601 587 671 627 cum
695 579 794 644 surgat
815 565 839 626 is
860 566 912 645 qui
933 565 1066 626 dicturus
1091 566 1137 638 sit,

141 664 323 743 significetur
335 685 354 724 a
370 684 482 725 corona
500 663 659 736 silentium,
676 664 786 725 deinde
805 665 925 724 crebrae
942 663 1136 736 assensiones,

112 765 254 834 ,smultae
281 760 511 836 admirationes;
540 761 615 821 risus
643 781 712 822 cum
741 761 819 834 velit,
844 782 914 821 cum
938 761 1009 822 velit
1033 763 1138 820 fletus:

141 871 175 920 ut
196 859 248 938 qui
269 862 343 920 haec
360 861 464 938 procul
483 859 591 932 videat,
611 859 700 920 etiam
718 858 834 936 siquid
853 871 955 936 agatur
972 858 1093 932 nesciat,
1108 869 1139 918 at

110 987 112 990 ⁴
140 958 258 1035 placere
273 970 373 1018 tamen
391 969 420 1017 et
434 957 466 1016 in
482 976 591 1017 scaena
607 977 672 1017 esse
688 957 831 1018 Roscium
849 957 1008 1033 intellegat
1053 959 1140 1016 Haec

140 1055 191 1115 cui
218 1054 400 1133 contingant,
429 1074 499 1115 eum
527 1054 603 1116 scito
630 1055 731 1115 Attice
758 1055 865 1128 dicere,
894 1067 928 1115 ut
955 1057 994 1114 de
1028 1052 1140 1114 Pericle

140 1152 288 1226 audimus,
305 1164 339 1212 ut
357 1154 396 1213 de
416 1153 580 1230 Hyperide,
597 1164 629 1212 ut
648 1154 687 1214 de
700 1153 859 1227 Aeschine,
876 1155 915 1215 de
934 1153 999 1231 ipso
1016 1151 1140 1229 quidem

79 1310 81 1314 .
98 1276 128 1310 ro
144 1251 351 1311 Demosthene
370 1249 506 1310 maxime.
553 1249 606 1311 Sin
619 1263 719 1311 autem
734 1264 855 1311 acutum
870 1253 1001 1329 prudens
1015 1263 1044 1310 et
1058 1250 1139 1310 idem
1155 1269 1202 1321 291

141 1346 296 1408 sincerum,
306 1359 336 1408 et
354 1346 484 1408 solidum
499 1359 529 1408 et
542 1347 724 1408 exsiccatum
743 1369 836 1426 genus
854 1347 995 1410 orationis
1013 1349 1141 1426 probant

141 1466 200 1506 nec
221 1445 272 1506 illo
292 1444 425 1522 graviore
446 1456 551 1506 ornatu
571 1446 700 1513 oratorio
719 1458 842 1506 utuntur
861 1459 891 1506 et
908 1448 966 1506 hoc
989 1446 1141 1524 proprium

142 1562 209 1603 esse
231 1542 400 1603 Atticorum
423 1545 536 1616 volunt,
561 1554 640 1603 recte
663 1545 794 1605 laudant.
838 1547 893 1604 Est
914 1544 996 1605 enim
1024 1544 1055 1602 in
1079 1556 1141 1604 arte

143 1653 226 1701 tanta
248 1653 370 1718 tamque
392 1639 472 1700 varia
496 1641 587 1701 etiam
609 1640 680 1702 huic
708 1640 840 1702 minutae
864 1640 1020 1701 subtilitati
1047 1645 1139 1701 locus.

98 1759 129 1810 ¹5
145 1740 192 1798 Ita
206 1739 257 1798 fret
275 1750 309 1799 ut
326 1757 389 1798 non
400 1757 513 1811 omnes,
526 1737 577 1815 qui
591 1737 700 1812 Attice,
716 1738 796 1799 idem
812 1741 897 1813 bene,
911 1741 965 1800 sed
979 1751 1012 1798 ut
1025 1758 1140 1811 omnes,

144 1835 196 1914 qui
209 1837 296 1909 bene,
312 1835 394 1896 idem
413 1835 502 1896 etiam
517 1835 617 1897 Attice
635 1836 745 1897 dicant.
789 1839 849 1897 Sed
867 1839 1023 1898 redeamus
1042 1856 1141 1896 rursus

144 1937 182 1994 ad
199 1933 403 1994 Hortensium.

185 2033 263 2092 Sane
274 2030 405 2108 quidem,
415 2030 512 2110 inquit
527 2035 636 2092 Brutus
647 2054 655 2106 ;
674 2052 856 2110 quamquam
867 2031 923 2093 ista
938 2031 1011 2091 mihi
1022 2043 1073 2091 tua
1086 2031 1142 2092 fuit

145 2129 330 2208 periucunda
349 2149 367 2190 a
388 2130 540 2208 proposita
560 2129 694 2191 oratione
714 2130 864 2209 digressio.
908 2135 988 2191 Tum
1005 2130 1141 2191 Atticus:

98 2254 132 2288 20
145 2226 334 2305 Aliquotiens
355 2248 431 2302 sum,
457 2227 563 2305 inquit,
592 2241 727 2302 conatus,
752 2231 806 2289 sed
835 2228 1021 2307 interpellare
1049 2227 1140 2289 nolui.

146 2327 237 2386 Nunc
251 2320 393 2403 quoniam
413 2324 471 2385 iam
486 2327 526 2387 ad
545 2327 745 2403 perorandum
764 2337 898 2404 spectare
911 2325 1028 2386 videtur
1044 2345 1142 2386 sermo

145 2434 222 2496 tuus,
238 2423 345 2495 dicam,
362 2422 476 2501 opinor,
497 2424 580 2501 quod
600 2423 705 2484 sentio.
748 2426 797 2484 Tu
815 2445 894 2498 vero,
915 2423 1046 2501 inquam,
1063 2423 1140 2485 Tite.

145 2523 226 2580 Turn
249 2519 316 2581 ille:
348 2522 423 2598 Eg0,
453 2520 558 2598 inquit,
582 2520 708 2582 ironiam
737 2521 818 2581 illam
846 2542 937 2598 quarn
962 2522 993 2580 in
1021 2524 1143 2583 Socrate

145 2619 250 2679 dicunt
263 2617 364 2693 fuisse,
373 2638 433 2696 qua
444 2618 492 2679 ille
506 2619 538 2678 in
549 2619 683 2680 Platonis
694 2632 724 2680 et
735 2619 945 2697 Xenophontis
959 2631 989 2680 et
1000 2619 1144 2680 Aeschini

101 2715 227 2789 25libris
255 2715 352 2788 utitur,
373 2718 509 2777 ¹facetam
538 2727 568 2777 et
595 2719 761 2794 elegantem
790 2729 871 2793 puto.
923 2720 978 2776 Est
1006 2717 1086 2777 enim
1114 2729 1145 2778 et

146 2813 269 2875 minime
293 2812 387 2891 inepti
409 2813 539 2874 hominis
561 2827 591 2900 et
613 2815 748 2890 eiusdem
773 2814 862 2875 etiam
886 2813 981 2887 faceti,
1008 2834 1077 2875 cum
1105 2817 1144 2875 de

1155 1979 1194 2052 8⁵

1156 2083 1203 2134 29²

146 2911 290 2988 sapientia
304 2911 493 2988 disceptetur,
507 2913 585 2972 hanc
600 2911 656 2973 sibi
672 2911 770 2989 ipsum
785 2913 950 2985 detrahere,
959 2911 1001 2972 eis
1016 2912 1145 2972 tribuere

146 3010 343 3083 inludentem,
370 3008 422 3086 qui
450 3030 516 3070 eam
545 3008 602 3070 sibi
629 3011 781 3087 adrogant,
811 3021 845 3069 ut
873 3010 954 3087 apud
987 3012 1144 3070 Platonem

148 3110 283 3169 Socrates
311 3105 342 3165 in
370 3109 487 3167 caelum
511 3108 594 3168 effert
619 3106 758 3167 laudibus
781 3109 972 3184 Protagoram
999 3106 1144 3184 Hippiam

102 3234 135 3283 30
149 3204 309 3264 Prodicum
319 3204 460 3281 Gorgiam
472 3215 596 3279 ceteros,
605 3224 637 3265 se
647 3217 746 3265 autem
759 3205 894 3266 omnium
906 3226 1002 3266 rerum
1017 3204 1145 3264 inscium

148 3302 233 3379 fingit
248 3311 278 3362 et
296 3303 409 3362 rudem.
454 3305 551 3364 Decet
573 3304 633 3363 hoc
657 3301 840 3380 nescioquo
860 3304 952 3364 modo
972 3302 1064 3375 illum,
1089 3321 1146 3363 nec

180 3477 213 3509 ao
230 3465 337 3508 conatus
356 3457 392 3509 L:
418 3459 559 3508 concitatus
576 3459 614 3506 vel
628 3465 768 3507 commotus
783 3456 913 3507 Eberhard
976 3473 1006 3505 ar
1026 3457 1075 3506 iarn
1092 3458 1144 3507 secl.

147 3542 197 3574 non
211 3524 275 3572 nulli
360 3540 392 3573 aa
408 3524 466 3572 Tite
478 3522 563 3573 PUG:
582 3523 702 3573 AtticeC
789 3539 820 3585 27
838 3521 1047 3584 discepteturL:
1065 3523 1146 3571 disce·

148 3597 236 3653 ptatur
246 3589 312 3641 codri.
327 3589 372 3640 det.
452 3591 485 3638 aa
501 3591 626 3652 adrogant
637 3589 662 3637 F
661 3588 723 3638 OG:
741 3589 847 3652 adigant
859 3588 894 3639 C:
911 3588 1038 3652 adrogent
1049 3588 1151 3637 Ernesti
