2588 4178
524 197 703 260 ORATOR
1086 210 1109 271 9
1125 219 1155 270 29

110 361 231 437 iudicio,
247 362 271 424 si
286 366 383 424 solum
397 364 471 425 illud
485 376 530 425 est
545 364 688 438 Atticum,
704 385 743 425 ne
758 364 885 425 Pericles
900 363 1022 442 quidem
1037 363 1111 424 dixit

111 461 226 536 Attica·
245 461 294 522 cui
318 461 431 540 primae
455 461 520 524 sine
542 463 742 524 controversia
765 462 991 535 deferebantur;
1013 461 1111 539 quisi

112 558 195 619 tenui
227 579 335 636 genere
363 571 502 633 uteretur,
531 580 695 638 numquam
724 561 764 622 ab
791 559 992 638 Aristophane
1022 570 1111 637 poeta

111 657 223 733 fulgere
246 656 549 734 tonare'permiscere
578 657 733 718 Graeciam
766 657 865 718 dictus
891 669 978 718 esset.
1023 655 1111 717 Dicat

82 752 201 832 5igitur
234 753 334 816 Attice
360 754 586 815 venustissimus
621 754 670 816 ille
701 755 826 833 scriptor
855 775 891 816 ac
918 753 1112 833 politissimus

113 851 325 930 Lysias÷quis
346 851 426 912 enim
448 851 479 913 id
500 853 594 930 possit
615 873 722 932 negare
730 856 793 927 ?-,
811 855 885 914 dum
906 852 1111 930 intellegamus

113 950 172 1010 hoc
194 969 259 1010 esse
280 949 414 1010 Atticum
435 949 467 1009 in
488 949 584 1027 Lysia,
600 970 662 1010 non
684 952 767 1029 quod
788 948 887 1011 tenuis
906 949 944 1009 sit
961 960 1052 1027 atque
1070 947 1113 1008 in-

113 1058 243 1120 ornatus,
259 1048 313 1107 sed
331 1046 414 1125 quod
430 1044 517 1128 [non]
531 1046 605 1107 nihil
619 1049 728 1109 habeat
748 1047 880 1108 insolens
893 1058 944 1107 aut
958 1046 1113 1123 ineptum;

114 1156 217 1205 ornate
231 1164 301 1206 vero
321 1156 352 1206 et
370 1143 496 1222 graviter
511 1155 541 1207 et
558 1145 680 1224 copiose
700 1145 799 1206 dicere
819 1156 871 1204 aut
888 1143 1056 1204 Atticorum
1076 1142 1113 1202 sit

70 1264 101 1300 10
114 1252 166 1301 aut
193 1261 232 1302 ne
256 1240 294 1301 sit
318 1241 483 1302 Aeschines
509 1262 587 1303 neve
615 1245 836 1303 Demosthenes
864 1241 990 1302 Atticus.
1033 1243 1114 1301 Ecce
1127 1259 1159 1308 30
1212 1233 1213 1236 ’

113 1349 215 1399 autem
242 1338 334 1416 aliqui
363 1359 400 1400 se
432 1338 638 1417 Thucydidios
670 1359 736 1403 esse
768 1341 961 1418 profitentur:
1002 1357 1114 1399 novum

115 1437 270 1513 quoddam
297 1435 502 1515 imperitorum
530 1448 560 1499 et
591 1436 759 1498 inauditum
792 1457 894 1515 genus.
951 1438 1030 1496 Nam
1063 1435 1115 1513 qui

117 1531 237 1609 Lysiam
264 1545 437 1610 sequuntur,
466 1532 651 1594 causidicum
683 1535 834 1612 quendam
862 1543 1027 1610 sequuntur
1054 1550 1115 1591 non
1180 1526 1186 1587 l,

117 1629 201 1690 illum
215 1628 338 1708 quidem
349 1632 583 1710 amplumatque
594 1633 746 1709 grandem,
756 1630 895 1692 subtilem
907 1642 937 1690 et
951 1631 1116 1707 elegantem
1189 1664 1193 1699 3

73 1749 105 1799 1⁵
119 1739 220 1789 tamen
234 1739 264 1788 et
278 1727 331 1806 qui
344 1727 375 1788 in
389 1727 557 1789 forensibus
569 1728 665 1789 causis
679 1728 773 1807 possit
787 1730 935 1806 praeclare
946 1726 1115 1788 consistere.
1192 1730 1196 1807 Ῑ

118 1825 312 1904 Thucydides
339 1837 440 1888 autem
464 1845 511 1888 res
535 1839 633 1905 gestas
661 1839 691 1888 et
715 1827 793 1888 bella
814 1838 912 1888 narrat
939 1838 969 1889 et
996 1824 1116 1903 proelia,
1188 1810 1195 1883 i

117 1922 242 2009 graviter
258 1943 329 1984 sane
350 1933 381 1985 et
399 1924 501 2002 probe,
518 1925 572 1985 sed
588 1923 663 1984 nihil
684 1925 724 1985 ab
740 1944 777 1985 eo
798 1923 946 1985 transferri
963 1933 1062 2001 potest
1078 1922 1117 1982 ad
1184 1900 1188 1923 ¹

118 2023 266 2082 forensem
295 2041 382 2082 usum
410 2032 441 2082 et
467 2020 631 2100 publicum.
684 2023 772 2100 Ipsae
799 2021 867 2082 illae
894 2019 1050 2082 contiones
1077 2018 1119 2078 ita

120 2121 228 2179 multas
246 2119 360 2179 habent
376 2118 518 2179 obscuras
531 2119 709 2196 abditasque
723 2119 885 2180 sententias
899 2117 947 2179 vix
960 2129 994 2178 ut
1007 2117 1119 2178 intelle·

75 2243 107 2278 πο
119 2227 243 2294 gantur3
263 2217 346 2293 quod
371 2226 416 2276 est
437 2215 625 2277 inoratione
647 2214 727 2295 civili
751 2215 855 2276 vitium
877 2218 923 2276 vel
946 2214 1116 2275 maximum.

120 2316 207 2389 Quae
221 2324 266 2374 est
279 2325 380 2373 autem
399 2312 428 2372 in
451 2313 624 2374 hominibus
641 2325 724 2374 tanta
741 2313 923 2392 perversitas,
939 2325 972 2373 ut
991 2311 1119 2373 inventis
1133 2343 1163 2393 3¹

120 2410 254 2488 frugibus
267 2411 376 2488 glande
390 2413 568 2471 vescantur?
608 2414 658 2470 An
672 2411 768 2471 victus
786 2410 943 2473 hominum
958 2408 1119 2470 Athenien·

121 2509 198 2570 sium
212 2506 361 2569 beneficio
374 2507 469 2568 excoli
483 2507 589 2586 potuit,
604 2506 699 2569 oratio
714 2529 775 2570 non
789 2507 908 2586 potuit?
942 2506 1019 2583 Quis
1032 2524 1121 2584 porro

121 2625 265 2684 umquam
275 2606 457 2666 Graecorum
466 2605 835 2683 rhetorumaThucydide
844 2603 1005 2682 quicquam
1016 2602 1122 2664 duxit?

78 2730 108 2779 ²5
125 2708 183 2764 ‘At
203 2704 339 2764 laudatus
360 2714 406 2765 est
425 2703 471 2772 ab¹
486 2703 645 2764 omnibus!
687 2706 811 2777 Fateor;
835 2704 889 2763 sed
909 2701 950 2761 ita
971 2713 1004 2762 ut
1024 2720 1121 2761 rerum

123 2800 284 2880 explicator
297 2801 428 2878 prudens
439 2819 557 2860 severus
571 2799 685 2878 gravis;
703 2820 765 2860 non
781 2811 812 2860 ut
826 2797 857 2858 in
867 2797 985 2858 iudiciis
996 2808 1123 2858 versaret

122 2919 235 2973 causaS,
251 2899 305 2961 sed
326 2909 360 2959 ut
379 2897 411 2958 in
425 2897 554 2958 historiis
574 2899 653 2960 bella
673 2909 801 2958 narraret
811 2920 819 2972 ;
840 2897 940 2975 itaque
958 2916 1122 2974 numquam

123 3009 168 3060 est
181 3007 354 3057 numeratus
372 3006 478 3069 orator,
494 3015 551 3057 nec
565 3016 643 3068 vero,
659 2996 684 3056 si
703 2995 855 3062 historiam
869 3015 931 3055 non
951 2993 1121 3072 scripsisset,
1137 3013 1167 3063 3²

124 3110 236 3152 nomen
258 3087 322 3151 eius
346 3099 480 3161 exstaret,
503 3108 573 3149 cum
598 3088 769 3166 praesertim
791 3088 894 3148 fuisset
912 3090 1073 3148 honoratus
1094 3096 1124 3144 et

79 3217 112 3267 3⁰
125 3187 242 3258 nobilis.
287 3185 388 3248 Huius
409 3197 511 3248 tamen
531 3206 623 3248 nemo
644 3206 743 3264 neque
761 3186 919 3246 verborum
941 3203 1039 3261 neque
1061 3202 1125 3242 sen-

125 3285 283 3348 tentiarum
297 3284 469 3364 gravitatem
489 3282 627 3358 imitatur,
644 3285 697 3345 sed
717 3304 786 3344 curn
809 3282 913 3343 mutila
932 3282 1080 3359 quaedam
1095 3291 1124 3340 et

125 3383 238 3445 hiantia
251 3381 343 3445 locuti
356 3394 434 3457 sunt,
450 3402 528 3462 quae
542 3384 588 3443 vel
603 3381 667 3443 sine
686 3381 826 3460 magistro
840 3383 936 3441 facere
954 3389 1123 3458 potuerunt,

158 3540 174 3587 8
192 3511 244 3587 non
255 3538 307 3587 secl.
318 3537 387 3600 vulg.
400 3553 407 3585 t
424 3552 460 3585 an
470 3536 589 3585 omninol
611 3535 719 3599 Stangl:
738 3551 801 3585 sane
812 3535 879 3584 Reid
997 3548 1025 3594 ¹5
1043 3541 1070 3581 et
1081 3534 1125 3595 qui

125 3605 194 3669 vulg.
205 3618 212 3651 τ
232 3617 280 3653 nec
291 3603 335 3665 qui
346 3600 384 3650 L:
402 3617 450 3652 nec
461 3601 504 3664 qui
517 3637 523 3650 .
536 3637 542 3652 .
554 3637 560 3651 .
577 3617 628 3651 non
642 3617 668 3665 p.
679 3601 768 3651 Bar'ter'
831 3603 861 3649 18
878 3601 937 3649 illae
949 3599 1031 3664 vulga:
1048 3597 1091 3648 ille
1103 3598 1125 3646 L

125 3685 159 3734 3²
176 3685 243 3732 quae
255 3669 294 3719 L:
310 3668 381 3730 quod
391 3665 532 3732 Heerdegen
