2588 4178
319 219 609 280 PARTI'I’IONES
634 219 888 281 ORATORIAE
1064 234 1108 278 ao
1121 227 1152 280 68

146 386 180 447 C.
198 385 327 463 Cognita
340 385 427 464 igitur
443 386 527 446 omni
545 386 754 448 distributione
773 387 992 466 propositorum
1009 406 1109 448 causa·

105 501 171 540 rum
186 481 273 542 nobis
287 502 396 560 genera
409 494 439 543 et
452 493 611 561 praecepta
629 495 747 545 restant.
792 487 824 543 P.
840 485 1027 544 Admodum.
1069 486 1108 544 Et
1120 490 1153 555 ⁶9

104 599 207 638 earum
229 579 352 657 quidem
376 582 471 640 forma
491 583 602 658 duplex
625 592 690 642 est:
721 601 847 659 quarum
870 585 961 642 altera
982 583 1110 643 delecta-

104 675 218 737 tionem
232 688 361 738 sectatur
374 677 499 751 aurium,
514 681 612 751 altera,
628 678 674 739 ius
688 689 721 738 ut
735 679 869 739 obtineat
882 680 988 757 probet
1001 679 1108 740 efficiat

75 799 89 846 5
105 776 188 851 quod
202 774 272 852 agit,
286 777 368 836 unde
381 775 480 836 omnis
494 788 539 836 est
552 788 691 855 suscepta
708 777 870 837 contentio
914 779 1020 855 ltaque
1034 777 1108 838 illud

103 873 238 951 superius
261 874 413 934 exornatio
438 873 565 935 dicitur:
594 876 677 953 quod
704 895 774 935 cum
802 877 894 935 latum
922 896 1016 954 genus
1043 895 1109 936 esse

104 981 203 1048 potest
226 991 358 1048 saneque
380 971 501 1044 varium,
526 993 619 1032 unum
643 993 679 1033 ex
703 992 740 1032 eo
768 972 933 1050 deligimus,
959 974 1042 1050 quod
1068 975 1108 1034 ad

103 1069 272 1129 laudandos
299 1070 394 1129 claros
422 1068 499 1129 viros
530 1069 707 1147 suscipimus
735 1082 765 1130 et
792 1072 832 1130 ad
860 1070 1013 1148 improbos
1036 1070 1109 1130 vitu-

103 1166 261 1242 perandos.
319 1167 423 1226 Genus
451 1165 532 1226 enim
557 1164 678 1226 nullum
706 1179 751 1227 est
779 1167 920 1228 orationis
948 1169 1030 1245 quod
1057 1177 1108 1227 aut

60 1287 92 1322 10
103 1262 225 1323 uberius
245 1264 285 1323 ad
306 1262 470 1324 dicendum
486 1274 537 1324 aut
558 1264 658 1324 utilius
675 1263 844 1325 civitatib'us
861 1285 926 1325 esse
946 1264 1041 1343 possit
1058 1277 1109 1324 aut

102 1360 135 1419 in
159 1380 221 1438 quo
246 1359 339 1438 magis
363 1373 462 1422 orator
485 1361 517 1421 in
540 1361 711 1439 cognitione
737 1361 878 1422 virtutum
911 1361 1109 1439 vitiommque

102 1469 241 1518 versetur.
285 1457 448 1535 Reliquum
475 1469 575 1519 autem
603 1469 697 1536 genus
724 1479 879 1520 causarum
907 1470 959 1520 aut
987 1451 1017 1519 in
1045 1479 1111 1537 pro·

102 1554 218 1615 visione
247 1555 358 1633 posteri
389 1555 531 1634 temporis
563 1569 614 1616 aut
647 1557 679 1616 in
710 1557 858 1635 praeteriti
893 1557 1109 1636 disceptatione

102 1663 235 1714 versatur
244 1675 253 1727 3
277 1673 405 1730 quorum
425 1657 551 1714 alterum
565 1654 787 1716 deliberationis
806 1665 851 1716 est
867 1657 992 1716 alterum
1007 1653 1106 1716 iudici.

60 1774 87 1823 ¹5
104 1753 150 1810 Ex
165 1771 225 1828 qua
238 1750 397 1828 partitione
413 1751 468 1810 tria
486 1771 594 1829 genera
614 1773 770 1813 causamm
791 1752 982 1814 exstiterunt:
1004 1773 1106 1826 unum,
1123 1765 1154 1818 70

102 1850 186 1925 quod
207 1868 226 1907 a
247 1847 369 1909 meliore
389 1861 471 1926 parte
492 1850 672 1911 laudationis
692 1862 737 1912 est
761 1853 951 1929 appellatum,
967 1850 1109 1911 delibera-

102 1945 193 2005 tionis
223 1948 359 2019 alterum,
386 1945 505 2006 tertium
534 1946 721 2008 iudiciorum.
778 1950 879 2024 Quam
910 1949 951 2008 ob
978 1968 1041 2008 rem
1069 1950 1109 2009 de

102 2042 200 2120 primo
213 2041 352 2120 primum,
368 2042 393 2102 si
407 2045 513 2121 placet,
529 2043 723 2122 disputemus.
768 2046 803 2107 C.
821 2045 898 2105 Mihi
914 2066 984 2106 vero
1001 2048 1106 2124 placet.

145 2143 177 2200 P.
202 2143 249 2200 Ac
273 2140 416 2201 laudandi
440 2140 687 2219 vituperandique
714 2142 852 2216 rationes,
875 2163 953 2221 quae
979 2163 1041 2204 non
1068 2145 1108 2204 ad
1121 2157 1155 2201 21

57 2261 90 2295 πο
104 2239 182 2300 bene
209 2237 372 2299 dicendum
401 2240 498 2299 solum
519 2240 579 2299 sed
611 2239 700 2300 etiam
728 2242 768 2301 ad
796 2243 921 2301 honeste
947 2241 1106 2302 vivendum

102 2339 210 2410 valent,
239 2356 387 2414 exponam
416 2336 543 2398 breviter
571 2349 662 2415 atque
689 2359 707 2399 a
734 2338 885 2417 principiis
912 2339 1047 2400 exordiar
1079 2352 1109 2400 et

102 2433 246 2496 laudandi
270 2446 300 2495 et
321 2433 516 2511 vituperandi.
560 2435 672 2497 Omnia
694 2431 775 2497 eniin
798 2447 867 2496 sunt
891 2438 1025 2515 profecto
1049 2439 1108 2497 lau·
1122 2464 1151 2518 71

101 2534 204 2593 danda
221 2552 298 2609 quae
317 2531 478 2592 coniuncta
497 2553 567 2592 cum
581 2533 688 2594 virtute
707 2545 784 2606 sunt,
801 2544 831 2593 et
851 2555 927 2612 quae
946 2554 1017 2594 cum
1030 2535 1108 2595 vitiis

102 2630 306 2708 vituperanda
364 2631 465 2706 Quam
493 2630 533 2690 ob
561 2651 624 2690 rem
653 2631 720 2691 finis
748 2632 867 2692 alterius
895 2643 940 2693 est
967 2635 1108 2693 honestas

58 2747 87 2798 ²5
101 2727 222 2788 alterius
244 2726 405 2804 turpitudo.
449 2727 614 2789 Conficitur
637 2740 737 2789 autem
761 2749 855 2807 genus
882 2732 941 2790 hoc
968 2729 1108 2791 dictionis

101 2826 256 2886 narrandis
277 2825 522 2903 exponendisque
542 2825 635 2899 iactis,
652 2829 735 2904 quod
756 2826 820 2887 sine
840 2826 906 2887 ullis
924 2839 1109 2904 argumenta-

101 2924 234 2986 tionibus
261 2925 301 2984 ad
327 2922 420 2983 animi
445 2935 544 2984 motus
568 2924 673 2984 leniter
700 2927 870 2985 tractandos
895 2925 988 3002 magis
1016 2946 1106 3004 quarn

100 3024 140 3083 ad
152 3023 243 3082 fidem
257 3020 425 3082 faciendam
440 3032 492 3081 aut
503 3024 1004 3085 confirmandamaccommodatur.
1036 3028 1107 3085 Non

101 3119 183 3181 enim
206 3119 299 3181 dubia
325 3120 487 3192 firmantur,
512 3121 565 3180 sed
590 3140 625 3180 ea
649 3140 727 3198 quae
753 3132 834 3181 certa
859 3132 911 3181 aut
939 3141 992 3199 pro
1020 3123 1107 3183 certis

56 3250 88 3300 30
102 3217 200 3297 posita
222 3229 292 3277 sunt
315 3229 468 3294 augentur.
511 3219 613 3293 Quam
640 3219 681 3278 ob
709 3239 771 3279 rem
800 3239 836 3279 ex
863 3220 905 3279 eis
934 3240 1011 3298 quae
1038 3234 1107 3282 ante

101 3315 182 3376 dicta
209 3325 279 3375 sunt
307 3325 337 3375 et
364 3313 503 3374 narrandi
530 3326 560 3375 et
586 3315 716 3394 augendi
743 3329 901 3394 praecepta
928 3329 1105 3396 repetentur.

102 3415 141 3473 Et
164 3411 306 3491 quoniam
329 3411 360 3471 in
385 3411 430 3472 his
451 3411 548 3473 causis
570 3413 668 3474 omnis
688 3413 762 3474 ratio
783 3416 844 3475 fere
863 3416 903 3475 ad
924 3417 1107 3493 voluptatem
1123 3433 1151 3482 72

221 3583 237 3630 3
253 3567 333 3617 altera
346 3603 352 3618 .
364 3603 370 3617 .
384 3604 390 3618 .
404 3567 504 3616 aurium
515 3584 566 3617 om.
582 3567 608 3615 P
703 3585 719 3629 4
736 3568 842 3617 alterius
853 3567 919 3617 codd.
933 3568 991 3620 deu.
