<?xml version="1.0" encoding="UTF-8"?>
<!DOCTYPE html PUBLIC "-//W3C//DTD XHTML 1.0 Transitional//EN"
    "http://www.w3.org/TR/xhtml1/DTD/xhtml1-transitional.dtd">
<html xmlns="http://www.w3.org/1999/xhtml" xml:lang="en" lang="en">
 <head>
  <title>
</title>
<meta http-equiv="Content-Type" content="text/html;charset=utf-8" />
  <meta name='ocr-system' content='tesseract 3.04.00' />
  <meta name='ocr-capabilities' content='ocr_page ocr_carea ocr_par ocr_line ocrx_word'/>
</head>
<body>
  <div class='ocr_page' id='page_1' title='image "./mtvlliciceronis00wilkgoog_0172.png"; bbox 0 0 2588 4178; ppageno 0'>
   <div class='ocr_carea' id='block_1_1' title="bbox 148 182 930 261">
    <p class='ocr_par' dir='ltr' id='par_1_1' title="bbox 148 182 930 261">
     <span class='ocr_line' id='line_1_1' title="bbox 148 182 930 261; baseline -0.001 -18"><span class='ocrx_word' id='word_1_1' title='bbox 148 194 188 257; x_wconf 83' lang='lat'><strong>4⁷</strong></span> <span class='ocrx_word' id='word_1_2' title='bbox 204 205 251 261; x_wconf 82' lang='lat' dir='ltr'><strong>ur</strong></span> <span class='ocrx_word' id='word_1_3' title='bbox 468 185 513 244; x_wconf 91' lang='lat' dir='ltr'><strong>M.</strong></span> <span class='ocrx_word' id='word_1_4' title='bbox 541 184 669 244; x_wconf 78' lang='lat' dir='ltr'><strong>xvim</strong></span> <span class='ocrx_word' id='word_1_5' title='bbox 699 182 930 244; x_wconf 79' lang='lat' dir='ltr'><strong>cicuxours</strong></span> 
     </span>
    </p>
   </div>
   <div class='ocr_carea' id='block_1_2' title="bbox 141 346 1248 2578">
    <p class='ocr_par' dir='ltr' id='par_1_2' title="bbox 141 346 1248 2578">
     <span class='ocr_line' id='line_1_2' title="bbox 201 346 1204 428; baseline 0 -19"><span class='ocrx_word' id='word_1_6' title='bbox 201 370 291 428; x_wconf 90' lang='lat' dir='ltr'><strong>quam</strong></span> <span class='ocrx_word' id='word_1_7' title='bbox 306 369 355 410; x_wconf 89' lang='lat' dir='ltr'><strong>me</strong></span> <span class='ocrx_word' id='word_1_8' title='bbox 369 351 512 411; x_wconf 88' lang='lat' dir='ltr'><strong>hercules.</strong></span> <span class='ocrx_word' id='word_1_9' title='bbox 556 352 627 411; x_wconf 93' lang='lat' dir='ltr'><strong>Non</strong></span> <span class='ocrx_word' id='word_1_10' title='bbox 642 348 716 410; x_wconf 89' lang='lat' dir='ltr'><strong>scire</strong></span> <span class='ocrx_word' id='word_1_11' title='bbox 731 346 853 427; x_wconf 89' lang='lat' dir='ltr'><strong>quidem</strong></span> <span class='ocrx_word' id='word_1_12' title='bbox 871 347 1029 409; x_wconf 86' lang='lat' dir='ltr'><strong>barbarum</strong></span> <span class='ocrx_word' id='word_1_13' title='bbox 1048 347 1107 408; x_wconf 89' lang='lat' dir='ltr'><strong>iam</strong></span> <span class='ocrx_word' id='word_1_14' title='bbox 1122 347 1204 409; x_wconf 89' lang='lat' dir='ltr'><strong>vide·</strong></span> 
     </span>
     <span class='ocr_line' id='line_1_3' title="bbox 201 445 1203 526; baseline -0.003 -18"><span class='ocrx_word' id='word_1_15' title='bbox 201 457 256 521; x_wconf 93' lang='lat' dir='ltr'><strong>tur,</strong></span> <span class='ocrx_word' id='word_1_16' title='bbox 271 446 384 508; x_wconf 88' lang='lat' dir='ltr'><strong>nescire</strong></span> <span class='ocrx_word' id='word_1_17' title='bbox 403 447 527 508; x_wconf 91' lang='lat' dir='ltr'><strong>dulcius.</strong></span> <span class='ocrx_word' id='word_1_18' title='bbox 572 450 675 526; x_wconf 90' lang='lat' dir='ltr'><strong>Ipsum</strong></span> <span class='ocrx_word' id='word_1_19' title='bbox 696 446 852 507; x_wconf 86' lang='lat' dir='ltr'>meridiem</span> <span class='ocrx_word' id='word_1_20' title='bbox 870 466 923 519; x_wconf 89' lang='lat' dir='ltr'><strong>cur</strong></span> <span class='ocrx_word' id='word_1_21' title='bbox 939 465 1001 505; x_wconf 92' lang='lat' dir='ltr'><strong>non</strong></span> <span class='ocrx_word' id='word_1_22' title='bbox 1016 445 1203 506; x_wconf 85' lang='lat' dir='ltr'><strong>medidiem?</strong></span> 
     </span>
     <span class='ocr_line' id='line_1_4' title="bbox 141 533 1203 623; baseline -0.003 -17"><span class='ocrx_word' id='word_1_23' title='bbox 141 557 188 622; x_wconf 82' lang='lat'><strong>15⁸</strong></span> <span class='ocrx_word' id='word_1_24' title='bbox 201 547 311 618; x_wconf 88' lang='lat' dir='ltr'><strong>Credo,</strong></span> <span class='ocrx_word' id='word_1_25' title='bbox 326 547 408 623; x_wconf 92' lang='lat' dir='ltr'><strong>quod</strong></span> <span class='ocrx_word' id='word_1_26' title='bbox 428 555 490 605; x_wconf 89' lang='lat' dir='ltr'><strong>erat</strong></span> <span class='ocrx_word' id='word_1_27' title='bbox 507 544 666 605; x_wconf 83' lang='lat' dir='ltr'>insuavius.</span> <span class='ocrx_word' id='word_1_28' title='bbox 709 546 796 607; x_wconf 70' lang='lat' dir='ltr'><strong>iVna</strong></span> <span class='ocrx_word' id='word_1_29' title='bbox 812 543 993 622; x_wconf 84' lang='lat' dir='ltr'><strong>praepositio</strong></span> <span class='ocrx_word' id='word_1_30' title='bbox 1012 533 1057 603; x_wconf 81' lang='lat' dir='ltr'><strong>est</strong></span> <span class='ocrx_word' id='word_1_31' title='bbox 1070 545 1108 616; x_wconf 90' lang='lat' dir='ltr'><strong>af,</strong></span> <span class='ocrx_word' id='word_1_32' title='bbox 1123 562 1203 621; x_wconf 89' lang='lat' dir='ltr'><strong>quae</strong></span> 
     </span>
     <span class='ocr_line' id='line_1_5' title="bbox 201 640 1202 720; baseline -0.002 -18"><span class='ocrx_word' id='word_1_33' title='bbox 201 663 282 702; x_wconf 90' lang='lat' dir='ltr'><strong>nunc</strong></span> <span class='ocrx_word' id='word_1_34' title='bbox 306 654 422 703; x_wconf 88' lang='lat' dir='ltr'><strong>tantum</strong></span> <span class='ocrx_word' id='word_1_35' title='bbox 446 642 477 702; x_wconf 93' lang='lat' dir='ltr'><strong>in</strong></span> <span class='ocrx_word' id='word_1_36' title='bbox 501 642 616 720; x_wconf 88' lang='lat' dir='ltr'><strong>accepti</strong></span> <span class='ocrx_word' id='word_1_37' title='bbox 640 641 748 703; x_wconf 89' lang='lat' dir='ltr'><strong>tabulis</strong></span> <span class='ocrx_word' id='word_1_38' title='bbox 773 653 874 702; x_wconf 89' lang='lat' dir='ltr'><strong>manet</strong></span> <span class='ocrx_word' id='word_1_39' title='bbox 893 661 930 701; x_wconf 92' lang='lat' dir='ltr'><strong>ac</strong></span> <span class='ocrx_word' id='word_1_40' title='bbox 951 660 989 701; x_wconf 91' lang='lat' dir='ltr'><strong>ne</strong></span> <span class='ocrx_word' id='word_1_41' title='bbox 1010 640 1056 700; x_wconf 93' lang='lat' dir='ltr'><strong>his</strong></span> <span class='ocrx_word' id='word_1_42' title='bbox 1078 640 1202 718; x_wconf 91' lang='lat' dir='ltr'><strong>quidem</strong></span> 
     </span>
     <span class='ocr_line' id='line_1_6' title="bbox 194 737 1232 818; baseline -0.001 -19"><span class='ocrx_word' id='word_1_43' title='bbox 194 739 344 814; x_wconf 91' lang='lat' dir='ltr'><strong>omnium,</strong></span> <span class='ocrx_word' id='word_1_44' title='bbox 375 739 406 799; x_wconf 91' lang='lat' dir='ltr'><strong>in</strong></span> <span class='ocrx_word' id='word_1_45' title='bbox 434 739 548 818; x_wconf 87' lang='lat' dir='ltr'><strong>reliquo</strong></span> <span class='ocrx_word' id='word_1_46' title='bbox 576 759 713 800; x_wconf 89' lang='lat' dir='ltr'><strong>sermone</strong></span> <span class='ocrx_word' id='word_1_47' title='bbox 746 750 860 799; x_wconf 85' lang='lat' dir='ltr'><strong>mutata</strong></span> <span class='ocrx_word' id='word_1_48' title='bbox 891 750 936 799; x_wconf 92' lang='lat' dir='ltr'><strong>est</strong></span> <span class='ocrx_word' id='word_1_49' title='bbox 948 760 956 813; x_wconf 90' lang='lat'>;</span> <span class='ocrx_word' id='word_1_50' title='bbox 990 758 1060 798; x_wconf 90' lang='lat' dir='ltr'><strong>nam</strong></span> <span class='ocrx_word' id='word_1_51' title='bbox 1088 737 1232 809; x_wconf 85' lang='lat' dir='ltr'><strong>amovit5</strong></span> 
     </span>
     <span class='ocr_line' id='line_1_7' title="bbox 201 835 1204 916; baseline -0.002 -17"><span class='ocrx_word' id='word_1_52' title='bbox 201 837 329 899; x_wconf 88' lang='lat' dir='ltr'><strong>dicimus</strong></span> <span class='ocrx_word' id='word_1_53' title='bbox 348 849 378 898; x_wconf 92' lang='lat' dir='ltr'><strong>et</strong></span> <span class='ocrx_word' id='word_1_54' title='bbox 395 837 495 916; x_wconf 86' lang='lat' dir='ltr'><strong>abegit</strong></span> <span class='ocrx_word' id='word_1_55' title='bbox 513 848 542 898; x_wconf 93' lang='lat' dir='ltr'><strong>et</strong></span> <span class='ocrx_word' id='word_1_56' title='bbox 563 836 693 910; x_wconf 89' lang='lat' dir='ltr'><strong>abstulit,</strong></span> <span class='ocrx_word' id='word_1_57' title='bbox 708 836 814 897; x_wconf 90' lang='lat' dir='ltr'><strong>utiam</strong></span> <span class='ocrx_word' id='word_1_58' title='bbox 833 836 949 897; x_wconf 90' lang='lat' dir='ltr'><strong>nescias</strong></span> <span class='ocrx_word' id='word_1_59' title='bbox 967 838 1032 897; x_wconf 89' lang='lat' dir='ltr'><strong>a’ne</strong></span> <span class='ocrx_word' id='word_1_60' title='bbox 1046 856 1149 896; x_wconf 91' lang='lat' dir='ltr'><strong>verum</strong></span> <span class='ocrx_word' id='word_1_61' title='bbox 1164 835 1204 897; x_wconf 93' lang='lat' dir='ltr'><strong>sit</strong></span> 
     </span>
     <span class='ocr_line' id='line_1_8' title="bbox 200 933 1204 1013; baseline 0 -19"><span class='ocrx_word' id='word_1_62' title='bbox 200 954 239 994; x_wconf 91' lang='lat' dir='ltr'><strong>an</strong></span> <span class='ocrx_word' id='word_1_63' title='bbox 261 936 300 995; x_wconf 90' lang='lat' dir='ltr'><strong>ab</strong></span> <span class='ocrx_word' id='word_1_64' title='bbox 320 955 359 994; x_wconf 90' lang='lat' dir='ltr'><strong>an</strong></span> <span class='ocrx_word' id='word_1_65' title='bbox 379 936 442 995; x_wconf 88' lang='lat' dir='ltr'><strong>abs.</strong></span> <span class='ocrx_word' id='word_1_66' title='bbox 485 934 569 1010; x_wconf 87' lang='lat' dir='ltr'><strong>Quid</strong></span> <span class='ocrx_word' id='word_1_67' title='bbox 593 933 618 994; x_wconf 90' lang='lat' dir='ltr'><strong>si</strong></span> <span class='ocrx_word' id='word_1_68' title='bbox 638 934 726 995; x_wconf 87' lang='lat' dir='ltr'><strong>etiam</strong></span> <span class='ocrx_word' id='word_1_69' title='bbox 749 935 863 1013; x_wconf 86' lang='lat' dir='ltr'><strong>abfugit</strong></span> <span class='ocrx_word' id='word_1_70' title='bbox 883 946 969 1013; x_wconf 91' lang='lat' dir='ltr'><strong>turpe</strong></span> <span class='ocrx_word' id='word_1_71' title='bbox 987 934 1083 996; x_wconf 92' lang='lat' dir='ltr'><strong>visum</strong></span> <span class='ocrx_word' id='word_1_72' title='bbox 1105 945 1151 994; x_wconf 90' lang='lat' dir='ltr'><strong>est</strong></span> <span class='ocrx_word' id='word_1_73' title='bbox 1172 945 1204 995; x_wconf 93' lang='lat' dir='ltr'><strong>et</strong></span> 
     </span>
     <span class='ocr_line' id='line_1_9' title="bbox 201 1032 1205 1111; baseline 0.002 -20"><span class='ocrx_word' id='word_1_74' title='bbox 201 1033 283 1093; x_wconf 89' lang='lat' dir='ltr'><strong>abfer</strong></span> <span class='ocrx_word' id='word_1_75' title='bbox 307 1035 476 1107; x_wconf 90' lang='lat' dir='ltr'><strong>noluerunt,</strong></span> <span class='ocrx_word' id='word_1_76' title='bbox 499 1032 617 1109; x_wconf 70' lang='lat' dir='ltr'><strong>aufigit</strong></span> <span class='ocrx_word' id='word_1_77' title='bbox 635 1041 664 1092; x_wconf 85' lang='lat' dir='ltr'><strong>et</strong></span> <span class='ocrx_word' id='word_1_78' title='bbox 688 1035 771 1092; x_wconf 89' lang='lat' dir='ltr'><strong>aufer</strong></span> <span class='ocrx_word' id='word_1_79' title='bbox 798 1035 989 1094; x_wconf 82' lang='lat' dir='ltr'><strong>maluerunt?</strong></span> <span class='ocrx_word' id='word_1_80' title='bbox 1020 1053 1096 1110; x_wconf 89' lang='lat' dir='ltr'><strong>quae</strong></span> <span class='ocrx_word' id='word_1_81' title='bbox 1120 1053 1205 1111; x_wconf 88' lang='lat' dir='ltr'><strong>prae-</strong></span> 
     </span>
     <span class='ocr_line' id='line_1_10' title="bbox 201 1120 1204 1210; baseline 0.002 -20"><span class='ocrx_word' id='word_1_82' title='bbox 201 1130 310 1208; x_wconf 93' lang='lat' dir='ltr'><strong>positio</strong></span> <span class='ocrx_word' id='word_1_83' title='bbox 327 1141 442 1206; x_wconf 89' lang='lat' dir='ltr'><strong>praeter</strong></span> <span class='ocrx_word' id='word_1_84' title='bbox 462 1132 537 1190; x_wconf 90' lang='lat' dir='ltr'><strong>haec</strong></span> <span class='ocrx_word' id='word_1_85' title='bbox 556 1132 617 1190; x_wconf 92' lang='lat' dir='ltr'><strong>duo</strong></span> <span class='ocrx_word' id='word_1_86' title='bbox 630 1131 721 1191; x_wconf 87' lang='lat' dir='ltr'><strong>verba</strong></span> <span class='ocrx_word' id='word_1_87' title='bbox 741 1120 824 1191; x_wconf 89' lang='lat' dir='ltr'><strong>nullo</strong></span> <span class='ocrx_word' id='word_1_88' title='bbox 845 1130 904 1191; x_wconf 89' lang='lat' dir='ltr'><strong>alio</strong></span> <span class='ocrx_word' id='word_1_89' title='bbox 922 1130 954 1191; x_wconf 91' lang='lat' dir='ltr'><strong>in</strong></span> <span class='ocrx_word' id='word_1_90' title='bbox 968 1131 1060 1192; x_wconf 90' lang='lat' dir='ltr'><strong>verbo</strong></span> <span class='ocrx_word' id='word_1_91' title='bbox 1078 1132 1204 1210; x_wconf 88' lang='lat' dir='ltr'><strong>reperie-</strong></span> 
     </span>
     <span class='ocr_line' id='line_1_11' title="bbox 201 1226 1248 1308; baseline 0.003 -20"><span class='ocrx_word' id='word_1_92' title='bbox 201 1239 256 1288; x_wconf 90' lang='lat' dir='ltr'><strong>tur.</strong></span> <span class='ocrx_word' id='word_1_93' title='bbox 300 1227 373 1287; x_wconf 92' lang='lat' dir='ltr'><strong>Noti</strong></span> <span class='ocrx_word' id='word_1_94' title='bbox 394 1239 477 1288; x_wconf 90' lang='lat' dir='ltr'><strong>erant</strong></span> <span class='ocrx_word' id='word_1_95' title='bbox 498 1239 527 1288; x_wconf 88' lang='lat' dir='ltr'><strong>et</strong></span> <span class='ocrx_word' id='word_1_96' title='bbox 548 1227 615 1287; x_wconf 91' lang='lat' dir='ltr'><strong>navi</strong></span> <span class='ocrx_word' id='word_1_97' title='bbox 636 1239 666 1288; x_wconf 92' lang='lat' dir='ltr'><strong>et</strong></span> <span class='ocrx_word' id='word_1_98' title='bbox 687 1226 758 1301; x_wconf 90' lang='lat' dir='ltr'><strong>nari,</strong></span> <span class='ocrx_word' id='word_1_99' title='bbox 781 1228 890 1306; x_wconf 89' lang='lat' dir='ltr'><strong>quibus</strong></span> <span class='ocrx_word' id='word_1_100' title='bbox 911 1249 981 1289; x_wconf 89' lang='lat' dir='ltr'><strong>cum</strong></span> <span class='ocrx_word' id='word_1_101' title='bbox 1002 1247 1038 1288; x_wconf 80' lang='lat' dir='ltr'><strong>ru</strong></span> <span class='ocrx_word' id='word_1_102' title='bbox 1058 1229 1203 1308; x_wconf 89' lang='lat' dir='ltr'><strong>praeponi</strong></span> <span class='ocrx_word' id='word_1_103' title='bbox 1219 1254 1248 1291; x_wconf 85' lang='lat' dir='ltr'><strong>ro</strong></span> 
     </span>
     <span class='ocr_line' id='line_1_12' title="bbox 202 1324 1204 1405; baseline 0.003 -20"><span class='ocrx_word' id='word_1_104' title='bbox 202 1336 359 1402; x_wconf 88' lang='lat' dir='ltr'><strong>oporteret,</strong></span> <span class='ocrx_word' id='word_1_105' title='bbox 374 1324 490 1385; x_wconf 90' lang='lat' dir='ltr'><strong>dulcius</strong></span> <span class='ocrx_word' id='word_1_106' title='bbox 504 1325 600 1385; x_wconf 91' lang='lat' dir='ltr'><strong>visum</strong></span> <span class='ocrx_word' id='word_1_107' title='bbox 617 1337 662 1385; x_wconf 91' lang='lat' dir='ltr'><strong>est</strong></span> <span class='ocrx_word' id='word_1_108' title='bbox 684 1324 810 1402; x_wconf 91' lang='lat' dir='ltr'><strong>ignotos,</strong></span> <span class='ocrx_word' id='word_1_109' title='bbox 825 1327 956 1404; x_wconf 88' lang='lat' dir='ltr'><strong>ignavos,</strong></span> <span class='ocrx_word' id='word_1_110' title='bbox 971 1327 1088 1405; x_wconf 86' lang='lat' dir='ltr'><strong>ignaros</strong></span> <span class='ocrx_word' id='word_1_111' title='bbox 1103 1327 1204 1388; x_wconf 87' lang='lat' dir='ltr'><strong>dicere</strong></span> 
     </span>
     <span class='ocr_line' id='line_1_13' title="bbox 182 1423 1202 1502; baseline 0.003 -20"><span class='ocrx_word' id='word_1_112' title='bbox 182 1461 183 1464; x_wconf 58' lang='lat'><em>=</em></span> <span class='ocrx_word' id='word_1_113' title='bbox 202 1443 292 1501; x_wconf 90' lang='lat' dir='ltr'><strong>quam</strong></span> <span class='ocrx_word' id='word_1_114' title='bbox 307 1434 340 1483; x_wconf 93' lang='lat' dir='ltr'><strong>ut</strong></span> <span class='ocrx_word' id='word_1_115' title='bbox 353 1423 459 1483; x_wconf 85' lang='lat' dir='ltr'><strong>veritas</strong></span> <span class='ocrx_word' id='word_1_116' title='bbox 473 1423 650 1500; x_wconf 90' lang='lat' dir='ltr'><strong>postulabat.</strong></span> <span class='ocrx_word' id='word_1_117' title='bbox 695 1427 741 1483; x_wconf 92' lang='lat' dir='ltr'><strong>Ex</strong></span> <span class='ocrx_word' id='word_1_118' title='bbox 757 1445 813 1485; x_wconf 89' lang='lat' dir='ltr'><strong>usu</strong></span> <span class='ocrx_word' id='word_1_119' title='bbox 832 1424 937 1485; x_wconf 88' lang='lat' dir='ltr'><strong>dicunt</strong></span> <span class='ocrx_word' id='word_1_120' title='bbox 951 1435 981 1484; x_wconf 93' lang='lat' dir='ltr'><strong>et</strong></span> <span class='ocrx_word' id='word_1_121' title='bbox 995 1444 1012 1484; x_wconf 98' lang='lat' dir='ltr'><strong>e</strong></span> <span class='ocrx_word' id='word_1_122' title='bbox 1026 1445 1057 1484; x_wconf 93' lang='lat' dir='ltr'><strong>re</strong></span> <span class='ocrx_word' id='word_1_123' title='bbox 1071 1424 1202 1502; x_wconf 90' lang='lat' dir='ltr'><strong>publica,</strong></span> 
     </span>
     <span class='ocr_line' id='line_1_14' title="bbox 202 1519 1201 1606; baseline 0.002 -26"><span class='ocrx_word' id='word_1_124' title='bbox 202 1522 284 1598; x_wconf 92' lang='lat' dir='ltr'><strong>quod</strong></span> <span class='ocrx_word' id='word_1_125' title='bbox 301 1521 339 1606; x_wconf 88' lang='lat' dir='ltr'><strong>in</strong></span> <span class='ocrx_word' id='word_1_126' title='bbox 353 1523 447 1581; x_wconf 90' lang='lat' dir='ltr'><strong>altero</strong></span> <span class='ocrx_word' id='word_1_127' title='bbox 467 1520 576 1582; x_wconf 87' lang='lat' dir='ltr'><strong>vocalis</strong></span> <span class='ocrx_word' id='word_1_128' title='bbox 597 1519 771 1599; x_wconf 86' lang='lat' dir='ltr'><strong>excipiebat,</strong></span> <span class='ocrx_word' id='word_1_129' title='bbox 787 1521 819 1582; x_wconf 93' lang='lat' dir='ltr'><strong>in</strong></span> <span class='ocrx_word' id='word_1_130' title='bbox 838 1523 932 1583; x_wconf 86' lang='lat' dir='ltr'><strong>altero</strong></span> <span class='ocrx_word' id='word_1_131' title='bbox 952 1531 1030 1582; x_wconf 90' lang='lat' dir='ltr'><strong>esset</strong></span> <span class='ocrx_word' id='word_1_132' title='bbox 1050 1521 1201 1599; x_wconf 86' lang='lat' dir='ltr'><strong>asperitas,</strong></span> 
     </span>
     <span class='ocr_line' id='line_1_15' title="bbox 202 1604 1204 1698; baseline 0 -21"><span class='ocrx_word' id='word_1_133' title='bbox 202 1618 258 1678; x_wconf 89' lang='lat' dir='ltr'><strong>nisi</strong></span> <span class='ocrx_word' id='word_1_134' title='bbox 279 1618 405 1679; x_wconf 86' lang='lat' dir='ltr'><strong>litteram</strong></span> <span class='ocrx_word' id='word_1_135' title='bbox 427 1619 602 1693; x_wconf 89' lang='lat' dir='ltr'><strong>sustulisses‚</strong></span> <span class='ocrx_word' id='word_1_136' title='bbox 625 1630 659 1680; x_wconf 91' lang='lat' dir='ltr'><strong>ut</strong></span> <span class='ocrx_word' id='word_1_137' title='bbox 680 1621 784 1698; x_wconf 84' lang='lat' dir='ltr'><strong>exegit,</strong></span> <span class='ocrx_word' id='word_1_138' title='bbox 808 1604 918 1694; x_wconf 89' lang='lat' dir='ltr'><strong>edixit;</strong></span> <span class='ocrx_word' id='word_1_139' title='bbox 949 1619 1058 1692; x_wconf 88' lang='lat' dir='ltr'><strong>refecit,</strong></span> <span class='ocrx_word' id='word_1_140' title='bbox 1080 1617 1204 1692; x_wconf 91' lang='lat' dir='ltr'><strong>rettulit,</strong></span> 
     </span>
     <span class='ocr_line' id='line_1_16' title="bbox 201 1704 1246 1796; baseline -0.002 -21"><span class='ocrx_word' id='word_1_141' title='bbox 201 1716 350 1777; x_wconf 90' lang='lat' dir='ltr'><strong>reddidit:</strong></span> <span class='ocrx_word' id='word_1_142' title='bbox 372 1717 505 1777; x_wconf 90' lang='lat' dir='ltr'><strong>adiuncti</strong></span> <span class='ocrx_word' id='word_1_143' title='bbox 525 1704 607 1778; x_wconf 87' lang='lat' dir='ltr'><strong>verbi</strong></span> <span class='ocrx_word' id='word_1_144' title='bbox 627 1717 723 1796; x_wconf 91' lang='lat' dir='ltr'><strong>prima</strong></span> <span class='ocrx_word' id='word_1_145' title='bbox 743 1718 839 1778; x_wconf 89' lang='lat' dir='ltr'><strong>littera</strong></span> <span class='ocrx_word' id='word_1_146' title='bbox 857 1716 1108 1795; x_wconf 88' lang='lat' dir='ltr'><strong>praepositionem</strong></span> <span class='ocrx_word' id='word_1_147' title='bbox 1123 1735 1246 1790; x_wconf 82' lang='lat' dir='ltr'><strong>com-15</strong></span> 
     </span>
     <span class='ocr_line' id='line_1_17' title="bbox 203 1813 849 1893; baseline 0.005 -20"><span class='ocrx_word' id='word_1_148' title='bbox 203 1813 337 1889; x_wconf 84' lang='lat' dir='ltr'><strong>mutavit,</strong></span> <span class='ocrx_word' id='word_1_149' title='bbox 351 1827 384 1874; x_wconf 92' lang='lat' dir='ltr'><strong>ut</strong></span> <span class='ocrx_word' id='word_1_150' title='bbox 398 1814 522 1893; x_wconf 90' lang='lat' dir='ltr'><strong>subegit,</strong></span> <span class='ocrx_word' id='word_1_151' title='bbox 538 1815 709 1890; x_wconf 89' lang='lat' dir='ltr'><strong>summovit,</strong></span> <span class='ocrx_word' id='word_1_152' title='bbox 723 1815 849 1876; x_wconf 91' lang='lat' dir='ltr'><strong>sustulit.</strong></span> 
     </span>
     <span class='ocr_line' id='line_1_18' title="bbox 148 1877 1204 1990; baseline 0.001 -20"><span class='ocrx_word' id='word_1_153' title='bbox 148 1877 190 1952; x_wconf 72' lang='lat'><strong>4⁸</strong></span> <span class='ocrx_word' id='word_1_154' title='bbox 244 1911 326 1987; x_wconf 90' lang='lat' dir='ltr'><strong>Quid</strong></span> <span class='ocrx_word' id='word_1_155' title='bbox 345 1911 377 1971; x_wconf 92' lang='lat' dir='ltr'><strong>in</strong></span> <span class='ocrx_word' id='word_1_156' title='bbox 395 1911 491 1973; x_wconf 85' lang='lat' dir='ltr'><strong>verbis</strong></span> <span class='ocrx_word' id='word_1_157' title='bbox 512 1912 642 1973; x_wconf 86' lang='lat' dir='ltr'><strong>iunctis?</strong></span> <span class='ocrx_word' id='word_1_158' title='bbox 670 1934 760 1990; x_wconf 92' lang='lat' dir='ltr'><strong>quam</strong></span> <span class='ocrx_word' id='word_1_159' title='bbox 778 1913 850 1974; x_wconf 90' lang='lat' dir='ltr'><strong>scite</strong></span> <span class='ocrx_word' id='word_1_160' title='bbox 871 1911 1060 1990; x_wconf 89' lang='lat' dir='ltr'><strong>insipientem</strong></span> <span class='ocrx_word' id='word_1_161' title='bbox 1079 1932 1141 1973; x_wconf 90' lang='lat' dir='ltr'><strong>non</strong></span> <span class='ocrx_word' id='word_1_162' title='bbox 1161 1912 1204 1972; x_wconf 92' lang='lat' dir='ltr'><strong>in-</strong></span> 
     </span>
     <span class='ocr_line' id='line_1_19' title="bbox 142 1981 1205 2089; baseline 0.001 -20"><span class='ocrx_word' id='word_1_163' title='bbox 142 1981 189 2035; x_wconf 72' lang='lat'><strong>¹⁵⁹</strong></span> <span class='ocrx_word' id='word_1_164' title='bbox 202 2009 376 2087; x_wconf 87' lang='lat' dir='ltr'><strong>sapientem,</strong></span> <span class='ocrx_word' id='word_1_165' title='bbox 401 2009 536 2087; x_wconf 86' lang='lat' dir='ltr'><strong>iniquum</strong></span> <span class='ocrx_word' id='word_1_166' title='bbox 564 2030 625 2070; x_wconf 91' lang='lat' dir='ltr'><strong>non</strong></span> <span class='ocrx_word' id='word_1_167' title='bbox 648 2010 819 2089; x_wconf 90' lang='lat' dir='ltr'><strong>inaequum,</strong></span> <span class='ocrx_word' id='word_1_168' title='bbox 845 2010 1002 2089; x_wconf 87' lang='lat' dir='ltr'><strong>tricipitem</strong></span> <span class='ocrx_word' id='word_1_169' title='bbox 1030 2030 1091 2071; x_wconf 88' lang='lat' dir='ltr'><strong>non</strong></span> <span class='ocrx_word' id='word_1_170' title='bbox 1120 2009 1205 2070; x_wconf 89' lang='lat' dir='ltr'><strong>trica-</strong></span> 
     </span>
     <span class='ocr_line' id='line_1_20' title="bbox 202 2106 1202 2187; baseline 0.001 -20"><span class='ocrx_word' id='word_1_171' title='bbox 202 2106 303 2185; x_wconf 90' lang='lat' dir='ltr'><strong>pitem,</strong></span> <span class='ocrx_word' id='word_1_172' title='bbox 315 2107 469 2168; x_wconf 89' lang='lat' dir='ltr'><strong>concisum</strong></span> <span class='ocrx_word' id='word_1_173' title='bbox 484 2129 546 2168; x_wconf 89' lang='lat' dir='ltr'><strong>non</strong></span> <span class='ocrx_word' id='word_1_174' title='bbox 560 2114 757 2169; x_wconf 87' lang='lat' dir='ltr'><strong>concaesum!</strong></span> <span class='ocrx_word' id='word_1_175' title='bbox 787 2112 833 2168; x_wconf 89' lang='lat' dir='ltr'><strong>Ex</strong></span> <span class='ocrx_word' id='word_1_176' title='bbox 841 2106 907 2187; x_wconf 79' lang='lat' dir='ltr'><strong>‘quo</strong></span> <span class='ocrx_word' id='word_1_177' title='bbox 921 2108 1043 2186; x_wconf 90' lang='lat' dir='ltr'><strong>quidam</strong></span> <span class='ocrx_word' id='word_1_178' title='bbox 1058 2107 1202 2186; x_wconf 91' lang='lat' dir='ltr'><strong>pertisum</strong></span> 
     </span>
     <span class='ocr_line' id='line_1_21' title="bbox 202 2205 1248 2284; baseline 0.001 -19"><span class='ocrx_word' id='word_1_179' title='bbox 202 2205 291 2265; x_wconf 89' lang='lat' dir='ltr'><strong>etiam</strong></span> <span class='ocrx_word' id='word_1_180' title='bbox 306 2208 418 2278; x_wconf 92' lang='lat' dir='ltr'><strong>volunt,</strong></span> <span class='ocrx_word' id='word_1_181' title='bbox 434 2208 516 2283; x_wconf 91' lang='lat' dir='ltr'><strong>quod</strong></span> <span class='ocrx_word' id='word_1_182' title='bbox 526 2206 636 2267; x_wconf 86' lang='lat' dir='ltr'><strong>eadem</strong></span> <span class='ocrx_word' id='word_1_183' title='bbox 650 2209 839 2269; x_wconf 91' lang='lat' dir='ltr'><strong>consuetudo</strong></span> <span class='ocrx_word' id='word_1_184' title='bbox 855 2226 917 2266; x_wconf 94' lang='lat' dir='ltr'><strong>non</strong></span> <span class='ocrx_word' id='word_1_185' title='bbox 930 2205 1074 2284; x_wconf 87' lang='lat' dir='ltr'><strong>probavit.</strong></span> <span class='ocrx_word' id='word_1_186' title='bbox 1118 2205 1202 2282; x_wconf 92' lang='lat' dir='ltr'><strong>Quid</strong></span> <span class='ocrx_word' id='word_1_187' title='bbox 1218 2225 1248 2260; x_wconf 79' lang='lat'><strong>20</strong></span> 
     </span>
     <span class='ocr_line' id='line_1_22' title="bbox 201 2303 1202 2383; baseline 0 -20"><span class='ocrx_word' id='word_1_188' title='bbox 201 2323 272 2364; x_wconf 89' lang='lat' dir='ltr'><strong>vero</strong></span> <span class='ocrx_word' id='word_1_189' title='bbox 300 2305 358 2364; x_wconf 92' lang='lat' dir='ltr'><strong>hoc</strong></span> <span class='ocrx_word' id='word_1_190' title='bbox 385 2303 556 2381; x_wconf 86' lang='lat' dir='ltr'><strong>elegantius,</strong></span> <span class='ocrx_word' id='word_1_191' title='bbox 585 2307 669 2383; x_wconf 92' lang='lat' dir='ltr'><strong>quod</strong></span> <span class='ocrx_word' id='word_1_192' title='bbox 696 2326 758 2366; x_wconf 90' lang='lat' dir='ltr'><strong>non</strong></span> <span class='ocrx_word' id='word_1_193' title='bbox 786 2307 819 2365; x_wconf 92' lang='lat' dir='ltr'><strong>fit</strong></span> <span class='ocrx_word' id='word_1_194' title='bbox 846 2316 959 2378; x_wconf 88' lang='lat' dir='ltr'><strong>natura,</strong></span> <span class='ocrx_word' id='word_1_195' title='bbox 988 2305 1041 2365; x_wconf 91' lang='lat' dir='ltr'><strong>sed</strong></span> <span class='ocrx_word' id='word_1_196' title='bbox 1069 2305 1202 2380; x_wconf 89' lang='lat' dir='ltr'><strong>quodam</strong></span> 
     </span>
     <span class='ocr_line' id='line_1_23' title="bbox 202 2400 1203 2480; baseline -0.001 -20"><span class='ocrx_word' id='word_1_197' title='bbox 202 2400 360 2461; x_wconf 87' lang='lat' dir='ltr'><strong>instituto?</strong></span> <span class='ocrx_word' id='word_1_198' title='bbox 402 2403 547 2463; x_wconf 90' lang='lat' dir='ltr'><strong>Indoctus</strong></span> <span class='ocrx_word' id='word_1_199' title='bbox 571 2402 699 2463; x_wconf 89' lang='lat' dir='ltr'><strong>dicimus</strong></span> <span class='ocrx_word' id='word_1_200' title='bbox 726 2401 808 2462; x_wconf 91' lang='lat' dir='ltr'><strong>brevi</strong></span> <span class='ocrx_word' id='word_1_201' title='bbox 834 2400 930 2480; x_wconf 88' lang='lat' dir='ltr'><strong>prima</strong></span> <span class='ocrx_word' id='word_1_202' title='bbox 952 2401 1055 2473; x_wconf 88' lang='lat' dir='ltr'><strong>littera,</strong></span> <span class='ocrx_word' id='word_1_203' title='bbox 1079 2400 1203 2461; x_wconf 90' lang='lat' dir='ltr'><strong>insanus</strong></span> 
     </span>
     <span class='ocr_line' id='line_1_24' title="bbox 203 2497 1201 2578; baseline -0.002 -18"><span class='ocrx_word' id='word_1_204' title='bbox 203 2501 356 2576; x_wconf 83' lang='lat' dir='ltr'><strong>producta,</strong></span> <span class='ocrx_word' id='word_1_205' title='bbox 382 2499 563 2560; x_wconf 89' lang='lat' dir='ltr'><strong>inhumanus</strong></span> <span class='ocrx_word' id='word_1_206' title='bbox 584 2499 674 2573; x_wconf 91' lang='lat' dir='ltr'><strong>brevi,</strong></span> <span class='ocrx_word' id='word_1_207' title='bbox 696 2499 797 2561; x_wconf 87' lang='lat' dir='ltr'><strong>infelix</strong></span> <span class='ocrx_word' id='word_1_208' title='bbox 821 2503 917 2578; x_wconf 82' lang='lat' dir='ltr'><strong>longa</strong></span> <span class='ocrx_word' id='word_1_209' title='bbox 961 2503 1008 2573; x_wconf 90' lang='lat' dir='ltr'><strong>Et,</strong></span> <span class='ocrx_word' id='word_1_210' title='bbox 1032 2519 1071 2559; x_wconf 91' lang='lat' dir='ltr'><strong>ne</strong></span> <span class='ocrx_word' id='word_1_211' title='bbox 1092 2497 1201 2570; x_wconf 90' lang='lat' dir='ltr'><strong>multis,</strong></span> 
     </span>
    </p>
   </div>
   <div class='ocr_carea' id='block_1_3' title="bbox 204 2595 1204 2676">
    <p class='ocr_par' dir='ltr' id='par_1_3' title="bbox 204 2595 1204 2676">
     <span class='ocr_line' id='line_1_25' title="bbox 204 2595 1204 2676; baseline 0 -19"><span class='ocrx_word' id='word_1_212' title='bbox 204 2597 313 2675; x_wconf 91' lang='lat' dir='ltr'><strong>quibus</strong></span> <span class='ocrx_word' id='word_1_213' title='bbox 332 2597 363 2656; x_wconf 92' lang='lat' dir='ltr'><strong>in</strong></span> <span class='ocrx_word' id='word_1_214' title='bbox 377 2597 473 2658; x_wconf 87' lang='lat' dir='ltr'><strong>verbis</strong></span> <span class='ocrx_word' id='word_1_215' title='bbox 494 2618 547 2659; x_wconf 89' lang='lat' dir='ltr'><strong>eae</strong></span> <span class='ocrx_word' id='word_1_216' title='bbox 568 2598 680 2676; x_wconf 89' lang='lat' dir='ltr'><strong>primae</strong></span> <span class='ocrx_word' id='word_1_217' title='bbox 699 2599 813 2659; x_wconf 87' lang='lat' dir='ltr'><strong>litterae</strong></span> <span class='ocrx_word' id='word_1_218' title='bbox 833 2609 903 2658; x_wconf 92' lang='lat' dir='ltr'><strong>sunt</strong></span> <span class='ocrx_word' id='word_1_219' title='bbox 921 2617 999 2676; x_wconf 90' lang='lat' dir='ltr'><strong>quae</strong></span> <span class='ocrx_word' id='word_1_220' title='bbox 1019 2596 1050 2657; x_wconf 91' lang='lat' dir='ltr'><strong>in</strong></span> <span class='ocrx_word' id='word_1_221' title='bbox 1069 2595 1204 2673; x_wconf 88' lang='lat' dir='ltr'><strong>sapiente</strong></span> 
     </span>
    </p>
   </div>
   <div class='ocr_carea' id='block_1_4' title="bbox 204 2752 1206 3601">
    <p class='ocr_par' dir='ltr' id='par_1_4' title="bbox 204 2752 1206 3601">
     <span class='ocr_line' id='line_1_26' title="bbox 239 2752 1204 2816; baseline 0.004 -16"><span class='ocrx_word' id='word_1_222' title='bbox 239 2768 250 2800; x_wconf 89' lang='lat'>1</span> <span class='ocrx_word' id='word_1_223' title='bbox 268 2754 370 2803; x_wconf 90' lang='lat' dir='ltr'><strong>videtur</strong></span> <span class='ocrx_word' id='word_1_224' title='bbox 380 2752 421 2803; x_wconf 87' lang='lat' dir='ltr'><strong>L:</strong></span> <span class='ocrx_word' id='word_1_225' title='bbox 438 2755 556 2803; x_wconf 87' lang='lat' dir='ltr'><strong>videatur</strong></span> <span class='ocrx_word' id='word_1_226' title='bbox 567 2754 592 2802; x_wconf 93' lang='lat' dir='ltr'><em>A</em></span> <span class='ocrx_word' id='word_1_227' title='bbox 709 2770 724 2816; x_wconf 79' lang='lat'><strong>3</strong></span> <span class='ocrx_word' id='word_1_228' title='bbox 742 2755 879 2805; x_wconf 84' lang='lat' dir='ltr'><strong>insuavius.</strong></span> <span class='ocrx_word' id='word_1_229' title='bbox 914 2770 966 2804; x_wconf 87' lang='lat' dir='ltr'><strong>una</strong></span> <span class='ocrx_word' id='word_1_230' title='bbox 977 2754 1045 2803; x_wconf 90' lang='lat' dir='ltr'><strong>AL:</strong></span> <span class='ocrx_word' id='word_1_231' title='bbox 1063 2754 1204 2804; x_wconf 85' lang='lat' dir='ltr'><strong>insuavius.</strong></span> 
     </span>
     <span class='ocr_line' id='line_1_27' title="bbox 204 2818 1204 2883; baseline 0 -15"><span class='ocrx_word' id='word_1_232' title='bbox 204 2818 302 2868; x_wconf 74' lang='lat' dir='ltr'><strong>absona</strong></span> <span class='ocrx_word' id='word_1_233' title='bbox 317 2819 464 2869; x_wconf 83' lang='lat' dir='ltr'><strong>Hellmutlr:</strong></span> <span class='ocrx_word' id='word_1_234' title='bbox 482 2821 618 2869; x_wconf 81' lang='lat' dir='ltr'><strong>insuavius.</strong></span> <span class='ocrx_word' id='word_1_235' title='bbox 652 2819 829 2869; x_wconf 80' lang='lat' dir='ltr'><strong>insuavissima</strong></span> <span class='ocrx_word' id='word_1_236' title='bbox 843 2821 916 2880; x_wconf 87' lang='lat' dir='ltr'><strong>Jahn</strong></span> <span class='ocrx_word' id='word_1_237' title='bbox 1022 2819 1051 2869; x_wconf 87' lang='lat' dir='ltr'><strong>af</strong></span> <span class='ocrx_word' id='word_1_238' title='bbox 1062 2820 1204 2883; x_wconf 78' lang='lat' dir='ltr'><strong>Stegmann</strong></span> 
     </span>
     <span class='ocr_line' id='line_1_28' title="bbox 205 2882 1203 2949; baseline -0.001 -16"><span class='ocrx_word' id='word_1_239' title='bbox 205 2900 235 2933; x_wconf 85' lang='lat' dir='ltr'><strong>ex</strong></span> <span class='ocrx_word' id='word_1_240' title='bbox 248 2882 312 2933; x_wconf 80' lang='lat' dir='ltr'><strong>Velio</strong></span> <span class='ocrx_word' id='word_1_241' title='bbox 323 2884 412 2949; x_wconf 82' lang='lat' dir='ltr'><strong>Longo</strong></span> <span class='ocrx_word' id='word_1_242' title='bbox 424 2900 448 2946; x_wconf 92' lang='lat' dir='ltr'><strong>p.</strong></span> <span class='ocrx_word' id='word_1_243' title='bbox 461 2901 545 2945; x_wconf 79' lang='lat'>2224:</span> <span class='ocrx_word' id='word_1_244' title='bbox 561 2886 593 2933; x_wconf 86' lang='lat' dir='ltr'><strong>ab</strong></span> <span class='ocrx_word' id='word_1_245' title='bbox 605 2884 630 2932; x_wconf 90' lang='lat' dir='ltr'><em>A</em></span> <span class='ocrx_word' id='word_1_246' title='bbox 642 2902 649 2937; x_wconf 76' lang='lat' dir='ltr'><strong>r</strong></span> <span class='ocrx_word' id='word_1_247' title='bbox 667 2901 697 2933; x_wconf 80' lang='lat' dir='ltr'><strong>aa</strong></span> <span class='ocrx_word' id='word_1_248' title='bbox 709 2884 794 2935; x_wconf 90' lang='lat' dir='ltr'>FPO:</span> <span class='ocrx_word' id='word_1_249' title='bbox 812 2887 858 2934; x_wconf 85' lang='lat' dir='ltr'><strong>abs</strong></span> <span class='ocrx_word' id='word_1_250' title='bbox 870 2901 951 2947; x_wconf 88' lang='lat' dir='ltr'><strong>eaque</strong></span> <span class='ocrx_word' id='word_1_251' title='bbox 966 2885 1104 2933; x_wconf 70' lang='lat' dir='ltr'><strong>Lambinus</strong></span> <span class='ocrx_word' id='word_1_252' title='bbox 1188 2900 1203 2944; x_wconf 82' lang='lat'><strong>⁴</strong></span> 
     </span>
     <span class='ocr_line' id='line_1_29' title="bbox 205 2949 1205 3003; baseline -0.001 -5"><span class='ocrx_word' id='word_1_253' title='bbox 205 2966 234 2999; x_wconf 88' lang='lat' dir='ltr'><strong>ac</strong></span> <span class='ocrx_word' id='word_1_254' title='bbox 252 2967 286 2999; x_wconf 87' lang='lat' dir='ltr'><strong>ne</strong></span> <span class='ocrx_word' id='word_1_255' title='bbox 302 2950 342 2999; x_wconf 91' lang='lat' dir='ltr'><strong>his</strong></span> <span class='ocrx_word' id='word_1_256' title='bbox 358 2951 471 2999; x_wconf 78' lang='lat' dir='ltr'><strong>Ernesti:</strong></span> <span class='ocrx_word' id='word_1_257' title='bbox 489 2951 579 3000; x_wconf 85' lang='lat' dir='ltr'><strong>aeneis</strong></span> <span class='ocrx_word' id='word_1_258' title='bbox 590 2950 633 2997; x_wconf 89' lang='lat' dir='ltr'><strong>A:</strong></span> <span class='ocrx_word' id='word_1_259' title='bbox 652 2966 686 2999; x_wconf 85' lang='lat' dir='ltr'><strong>ne</strong></span> <span class='ocrx_word' id='word_1_260' title='bbox 699 2950 740 2999; x_wconf 84' lang='lat' dir='ltr'><strong>his</strong></span> <span class='ocrx_word' id='word_1_261' title='bbox 755 2949 777 2998; x_wconf 77' lang='lat'><strong>1.</strong></span> <span class='ocrx_word' id='word_1_262' title='bbox 908 2953 924 2999; x_wconf 88' lang='lat'><strong>6</strong></span> <span class='ocrx_word' id='word_1_263' title='bbox 941 2950 999 3000; x_wconf 84' lang='lat' dir='ltr'><strong>a&#39;ne</strong></span> <span class='ocrx_word' id='word_1_264' title='bbox 1010 2951 1116 3000; x_wconf 69' lang='lat' dir='ltr'><strong>Sebritae</strong></span> <span class='ocrx_word' id='word_1_265' title='bbox 1133 2965 1205 3003; x_wconf 79' lang='lat' dir='ltr'><strong>aune</strong></span> 
     </span>
     <span class='ocr_line' id='line_1_30' title="bbox 204 3014 1206 3078; baseline 0.002 -16"><span class='ocrx_word' id='word_1_266' title='bbox 204 3014 256 3063; x_wconf 97' lang='lat' dir='ltr'><strong>AL</strong></span> <span class='ocrx_word' id='word_1_267' title='bbox 393 3016 500 3078; x_wconf 87' lang='lat' dir='ltr'><strong>7aban</strong></span> <span class='ocrx_word' id='word_1_268' title='bbox 513 3017 558 3065; x_wconf 85' lang='lat' dir='ltr'><strong>abs</strong></span> <span class='ocrx_word' id='word_1_269' title='bbox 570 3015 679 3064; x_wconf 66' lang='lat' dir='ltr'><strong>scaete:</strong></span> <span class='ocrx_word' id='word_1_270' title='bbox 696 3016 822 3065; x_wconf 84' lang='lat' dir='ltr'><strong>absisA:</strong></span> <span class='ocrx_word' id='word_1_271' title='bbox 838 3015 917 3077; x_wconf 85' lang='lat' dir='ltr'><strong>absL</strong></span> <span class='ocrx_word' id='word_1_272' title='bbox 1000 3016 1098 3076; x_wconf 80' lang='lat' dir='ltr'><strong>abfugit</strong></span> <span class='ocrx_word' id='word_1_273' title='bbox 1111 3014 1206 3064; x_wconf 74' lang='lat' dir='ltr'><strong>Gellius</strong></span> 
     </span>
     <span class='ocr_line' id='line_1_31' title="bbox 206 3079 1205 3143; baseline 0.001 -15"><span class='ocrx_word' id='word_1_274' title='bbox 206 3083 259 3142; x_wconf 88' lang='lat' dir='ltr'><strong>(xv.</strong></span> <span class='ocrx_word' id='word_1_275' title='bbox 273 3095 298 3141; x_wconf 86' lang='lat'><strong>3,</strong></span> <span class='ocrx_word' id='word_1_276' title='bbox 310 3079 354 3140; x_wconf 67' lang='lat' dir='ltr'><strong>ai:</strong></span> <span class='ocrx_word' id='word_1_277' title='bbox 371 3081 450 3142; x_wconf 83' lang='lat' dir='ltr'><strong>afugit</strong></span> <span class='ocrx_word' id='word_1_278' title='bbox 460 3081 523 3130; x_wconf 89' lang='lat' dir='ltr'><strong>FO:</strong></span> <span class='ocrx_word' id='word_1_279' title='bbox 541 3082 631 3142; x_wconf 81' lang='lat' dir='ltr'><strong>affugit</strong></span> <span class='ocrx_word' id='word_1_280' title='bbox 641 3079 698 3128; x_wconf 89' lang='lat' dir='ltr'><strong>PM</strong></span> <span class='ocrx_word' id='word_1_281' title='bbox 707 3099 713 3130; x_wconf 92' lang='lat'>:</span> <span class='ocrx_word' id='word_1_282' title='bbox 729 3081 808 3141; x_wconf 81' lang='lat' dir='ltr'><strong>afugit</strong></span> <span class='ocrx_word' id='word_1_283' title='bbox 823 3083 891 3142; x_wconf 92' lang='lat' dir='ltr'><strong>quod</strong></span> <span class='ocrx_word' id='word_1_284' title='bbox 906 3081 970 3143; x_wconf 86' lang='lat' dir='ltr'><strong>fugit</strong></span> <span class='ocrx_word' id='word_1_285' title='bbox 981 3079 1016 3142; x_wconf 87' lang='lat' dir='ltr'><strong>A,</strong></span> <span class='ocrx_word' id='word_1_286' title='bbox 1031 3080 1095 3128; x_wconf 84' lang='lat' dir='ltr'><strong>unde</strong></span> <span class='ocrx_word' id='word_1_287' title='bbox 1104 3080 1205 3141; x_wconf 85' lang='lat' dir='ltr'><strong>aufugit</strong></span> 
     </span>
     <span class='ocr_line' id='line_1_32' title="bbox 205 3145 1203 3210; baseline 0.001 -16"><span class='ocrx_word' id='word_1_288' title='bbox 205 3148 274 3208; x_wconf 89' lang='lat' dir='ltr'><strong>quod</strong></span> <span class='ocrx_word' id='word_1_289' title='bbox 286 3145 382 3206; x_wconf 84' lang='lat' dir='ltr'><strong>abfugit</strong></span> <span class='ocrx_word' id='word_1_290' title='bbox 394 3147 535 3210; x_wconf 79' lang='lat' dir='ltr'><strong>Heerdegen</strong></span> <span class='ocrx_word' id='word_1_291' title='bbox 601 3153 675 3208; x_wconf 87' lang='lat' dir='ltr'><strong>turpe</strong></span> <span class='ocrx_word' id='word_1_292' title='bbox 693 3147 735 3195; x_wconf 87' lang='lat' dir='ltr'><strong>L:</strong></span> <span class='ocrx_word' id='word_1_293' title='bbox 757 3146 822 3195; x_wconf 87' lang='lat' dir='ltr'><strong>forte</strong></span> <span class='ocrx_word' id='word_1_294' title='bbox 840 3146 867 3195; x_wconf 96' lang='lat' dir='ltr'><em>A</em></span> <span class='ocrx_word' id='word_1_295' title='bbox 962 3147 979 3194; x_wconf 80' lang='grc'>8</span> <span class='ocrx_word' id='word_1_296' title='bbox 995 3146 1093 3206; x_wconf 81' lang='lat' dir='ltr'><strong>aufugit</strong></span> <span class='ocrx_word' id='word_1_297' title='bbox 1104 3153 1131 3194; x_wconf 91' lang='lat' dir='ltr'><strong>et</strong></span> <span class='ocrx_word' id='word_1_298' title='bbox 1142 3145 1203 3195; x_wconf 79' lang='lat' dir='ltr'><strong>add.</strong></span> 
     </span>
     <span class='ocr_line' id='line_1_33' title="bbox 204 3209 1204 3275; baseline 0.001 -17"><span class='ocrx_word' id='word_1_299' title='bbox 204 3209 321 3259; x_wconf 73' lang='lat' dir='ltr'><strong>Sebritae</strong></span> <span class='ocrx_word' id='word_1_300' title='bbox 335 3211 399 3260; x_wconf 82' lang='lat' dir='ltr'><strong>Velio</strong></span> <span class='ocrx_word' id='word_1_301' title='bbox 412 3211 499 3275; x_wconf 85' lang='lat' dir='ltr'><strong>Longo</strong></span> <span class='ocrx_word' id='word_1_302' title='bbox 553 3211 626 3260; x_wconf 89' lang='lat' dir='ltr'><strong>aufer</strong></span> <span class='ocrx_word' id='word_1_303' title='bbox 636 3211 779 3259; x_wconf 87' lang='lat' dir='ltr'><strong>maluerunt</strong></span> <span class='ocrx_word' id='word_1_304' title='bbox 790 3227 840 3261; x_wconf 87' lang='lat' dir='ltr'><strong>om.</strong></span> <span class='ocrx_word' id='word_1_305' title='bbox 852 3212 879 3260; x_wconf 93' lang='lat' dir='ltr'><em>A</em></span> <span class='ocrx_word' id='word_1_306' title='bbox 960 3226 987 3259; x_wconf 93' lang='lat'><strong>11</strong></span> <span class='ocrx_word' id='word_1_307' title='bbox 1007 3211 1095 3272; x_wconf 85' lang='lat' dir='ltr'><strong>ignoti,</strong></span> <span class='ocrx_word' id='word_1_308' title='bbox 1108 3211 1204 3271; x_wconf 87' lang='lat' dir='ltr'><strong>ignavi,</strong></span> 
     </span>
     <span class='ocr_line' id='line_1_34' title="bbox 205 3275 1203 3339; baseline -0.001 -14"><span class='ocrx_word' id='word_1_309' title='bbox 205 3276 319 3337; x_wconf 89' lang='lat' dir='ltr'><strong>ignariL</strong></span> <span class='ocrx_word' id='word_1_310' title='bbox 429 3292 457 3336; x_wconf 84' lang='lat'><strong>14</strong></span> <span class='ocrx_word' id='word_1_311' title='bbox 475 3278 524 3325; x_wconf 86' lang='lat' dir='ltr'><strong>nisi</strong></span> <span class='ocrx_word' id='word_1_312' title='bbox 543 3292 560 3324; x_wconf 87' lang='lat' dir='ltr'><strong>x</strong></span> <span class='ocrx_word' id='word_1_313' title='bbox 578 3277 669 3324; x_wconf 78' lang='lat' dir='ltr'><strong>maluit</strong></span> <span class='ocrx_word' id='word_1_314' title='bbox 680 3276 776 3339; x_wconf 82' lang='lat' dir='ltr'><strong>Stangl</strong></span> <span class='ocrx_word' id='word_1_315' title='bbox 880 3291 910 3338; x_wconf 81' lang='lat'><strong>15</strong></span> <span class='ocrx_word' id='word_1_316' title='bbox 927 3278 1011 3338; x_wconf 89' lang='lat' dir='ltr'><strong>prima</strong></span> <span class='ocrx_word' id='word_1_317' title='bbox 1028 3275 1112 3325; x_wconf 90' lang='lat' dir='ltr'><strong>littera</strong></span> <span class='ocrx_word' id='word_1_318' title='bbox 1129 3291 1203 3338; x_wconf 83' lang='lat' dir='ltr'><strong>prae-</strong></span> 
     </span>
     <span class='ocr_line' id='line_1_35' title="bbox 206 3339 1204 3406; baseline 0 -16"><span class='ocrx_word' id='word_1_319' title='bbox 206 3341 359 3405; x_wconf 89' lang='lat' dir='ltr'><strong>positionem</strong></span> <span class='ocrx_word' id='word_1_320' title='bbox 372 3339 544 3406; x_wconf 81' lang='lat' dir='ltr'><strong>Maa&#39;oragius:</strong></span> <span class='ocrx_word' id='word_1_321' title='bbox 562 3343 669 3404; x_wconf 87' lang='lat' dir='ltr'><strong>primam</strong></span> <span class='ocrx_word' id='word_1_322' title='bbox 682 3342 794 3390; x_wconf 86' lang='lat' dir='ltr'><strong>litteram</strong></span> <span class='ocrx_word' id='word_1_323' title='bbox 806 3342 964 3404; x_wconf 89' lang='lat' dir='ltr'><strong>praepositio</strong></span> <span class='ocrx_word' id='word_1_324' title='bbox 975 3341 1027 3390; x_wconf 88' lang='lat' dir='ltr'><strong>AL</strong></span> <span class='ocrx_word' id='word_1_325' title='bbox 1090 3344 1119 3389; x_wconf 87' lang='lat'><strong>16</strong></span> <span class='ocrx_word' id='word_1_326' title='bbox 1136 3356 1204 3390; x_wconf 88' lang='lat' dir='ltr'><strong>sum·</strong></span> 
     </span>
     <span class='ocr_line' id='line_1_36' title="bbox 206 3405 1202 3457; baseline 0.001 -2"><span class='ocrx_word' id='word_1_327' title='bbox 206 3407 285 3456; x_wconf 90' lang='lat' dir='ltr'><strong>movit</strong></span> <span class='ocrx_word' id='word_1_328' title='bbox 302 3407 338 3456; x_wconf 86' lang='lat' dir='ltr'><strong>ed.</strong></span> <span class='ocrx_word' id='word_1_329' title='bbox 359 3413 421 3456; x_wconf 74' lang='lat' dir='ltr'><strong>vet:</strong></span> <span class='ocrx_word' id='word_1_330' title='bbox 444 3407 608 3456; x_wconf 86' lang='lat' dir='ltr'><strong>summutavit</strong></span> <span class='ocrx_word' id='word_1_331' title='bbox 626 3407 689 3457; x_wconf 88' lang='lat' dir='ltr'><strong>FO:</strong></span> <span class='ocrx_word' id='word_1_332' title='bbox 714 3407 870 3456; x_wconf 88' lang='lat' dir='ltr'><strong>submutavit</strong></span> <span class='ocrx_word' id='word_1_333' title='bbox 886 3405 955 3456; x_wconf 87' lang='lat' dir='ltr'><strong>PM:</strong></span> <span class='ocrx_word' id='word_1_334' title='bbox 979 3416 1032 3455; x_wconf 90' lang='lat' dir='ltr'><strong>tum</strong></span> <span class='ocrx_word' id='word_1_335' title='bbox 1054 3407 1160 3456; x_wconf 82' lang='lat' dir='ltr'><strong>mutavit</strong></span> <span class='ocrx_word' id='word_1_336' title='bbox 1175 3407 1202 3456; x_wconf 94' lang='lat' dir='ltr'><em>A</em></span> 
     </span>
     <span class='ocr_line' id='line_1_37' title="bbox 206 3469 1205 3534; baseline 0 -15"><span class='ocrx_word' id='word_1_337' title='bbox 206 3487 238 3519; x_wconf 80' lang='lat' dir='ltr'><strong>aa</strong></span> <span class='ocrx_word' id='word_1_338' title='bbox 254 3473 372 3534; x_wconf 80' lang='lat' dir='ltr'><strong>indoctus</strong></span> <span class='ocrx_word' id='word_1_339' title='bbox 383 3473 407 3520; x_wconf 92' lang='lat' dir='ltr'><em>A</em></span> <span class='ocrx_word' id='word_1_340' title='bbox 421 3489 478 3520; x_wconf 88' lang='lat' dir='ltr'><strong>cum</strong></span> <span class='ocrx_word' id='word_1_341' title='bbox 492 3472 582 3522; x_wconf 81' lang='lat' dir='ltr'><strong>Gellio:</strong></span> <span class='ocrx_word' id='word_1_342' title='bbox 600 3473 718 3522; x_wconf 83' lang='lat' dir='ltr'><strong>inductus</strong></span> <span class='ocrx_word' id='word_1_343' title='bbox 730 3472 755 3520; x_wconf 94' lang='lat' dir='ltr'>F</span> <span class='ocrx_word' id='word_1_344' title='bbox 754 3472 801 3521; x_wconf 79' lang='lat'><strong>0¹:</strong></span> <span class='ocrx_word' id='word_1_345' title='bbox 819 3473 922 3522; x_wconf 88' lang='lat' dir='ltr'><strong>inclitus</strong></span> <span class='ocrx_word' id='word_1_346' title='bbox 936 3469 1056 3521; x_wconf 76' lang='lat' dir='ltr'><em>02P2M²</em></span> <span class='ocrx_word' id='word_1_347' title='bbox 1171 3487 1205 3534; x_wconf 83' lang='lat'><strong>23</strong></span> 
     </span>
     <span class='ocr_line' id='line_1_38' title="bbox 205 3536 1202 3601; baseline 0.003 -17"><span class='ocrx_word' id='word_1_348' title='bbox 205 3538 361 3587; x_wconf 89' lang='lat' dir='ltr'><strong>inhumanus</strong></span> <span class='ocrx_word' id='word_1_349' title='bbox 372 3537 454 3585; x_wconf 78' lang='lat' dir='ltr'>FOP¹</span> <span class='ocrx_word' id='word_1_350' title='bbox 467 3555 474 3587; x_wconf 82' lang='lat' dir='ltr'><strong>r</strong></span> <span class='ocrx_word' id='word_1_351' title='bbox 490 3539 615 3600; x_wconf 89' lang='lat' dir='ltr'><strong>insipiens</strong></span> <span class='ocrx_word' id='word_1_352' title='bbox 625 3538 652 3586; x_wconf 79' lang='lat' dir='ltr'><strong>in</strong></span> <span class='ocrx_word' id='word_1_353' title='bbox 665 3554 747 3601; x_wconf 80' lang='lat' dir='ltr'><strong>marg.</strong></span> <span class='ocrx_word' id='word_1_354' title='bbox 762 3536 818 3585; x_wconf 75' lang='lat'><strong>1³²:</strong></span> <span class='ocrx_word' id='word_1_355' title='bbox 835 3538 939 3587; x_wconf 85' lang='lat' dir='ltr'><strong>insanus</strong></span> <span class='ocrx_word' id='word_1_356' title='bbox 951 3538 976 3586; x_wconf 91' lang='lat' dir='ltr'><em>A</em></span> <span class='ocrx_word' id='word_1_357' title='bbox 989 3555 995 3587; x_wconf 93' lang='lat'>:</span> <span class='ocrx_word' id='word_1_358' title='bbox 1018 3538 1129 3592; x_wconf 81' lang='lat' dir='ltr'><strong>inmanis</strong></span> <span class='ocrx_word' id='word_1_359' title='bbox 1141 3536 1202 3588; x_wconf 87' lang='lat' dir='ltr'><strong>Luc.</strong></span> 
     </span>
    </p>
   </div>
   <div class='ocr_carea' id='block_1_5' title="bbox 206 3601 894 3667">
    <p class='ocr_par' dir='ltr' id='par_1_5' title="bbox 206 3601 894 3667">
     <span class='ocr_line' id='line_1_39' title="bbox 206 3601 894 3667; baseline 0.004 -17"><span class='ocrx_word' id='word_1_360' title='bbox 206 3601 300 3652; x_wconf 70' lang='lat' dir='ltr'><strong>Mulier</strong></span> <span class='ocrx_word' id='word_1_361' title='bbox 361 3619 392 3663; x_wconf 83' lang='lat'><strong>24</strong></span> <span class='ocrx_word' id='word_1_362' title='bbox 409 3603 527 3667; x_wconf 87' lang='lat' dir='ltr'><strong>sapiente</strong></span> <span class='ocrx_word' id='word_1_363' title='bbox 539 3603 606 3653; x_wconf 90' lang='lat' dir='ltr'><strong>AL:</strong></span> <span class='ocrx_word' id='word_1_364' title='bbox 623 3620 686 3654; x_wconf 89' lang='lat' dir='ltr'><strong>sano</strong></span> <span class='ocrx_word' id='word_1_365' title='bbox 697 3603 765 3652; x_wconf 82' lang='lat' dir='ltr'><strong>Bake</strong></span> <span class='ocrx_word' id='word_1_366' title='bbox 776 3603 826 3653; x_wconf 85' lang='lat' dir='ltr'><strong>cod.</strong></span> <span class='ocrx_word' id='word_1_367' title='bbox 840 3603 894 3654; x_wconf 85' lang='lat' dir='ltr'><strong>Erl.</strong></span> 
     </span>
    </p>
   </div>
   <div class='ocr_carea' id='block_1_6' title="bbox 0 0 1305 4178">
    <p class='ocr_par' dir='ltr' id='par_1_6' title="bbox 0 0 1305 4178">
     <span class='ocr_line' id='line_1_40' title="bbox 0 0 1305 4178; baseline 0 0"><span class='ocrx_word' id='word_1_368' title='bbox 0 0 1305 4178; x_wconf 95' lang='lat' dir='ltr'><strong> </strong></span> 
     </span>
    </p>
   </div>
  </div>
 </body>
</html>
