2588 4178
100 206 187 271 ²594
421 195 465 253 M.
494 194 622 254 Tvrur
650 192 884 256 ercenoms

104 383 137 434 95
151 361 342 441 impudenter
362 364 473 425 Caesar
493 376 597 425 contra
618 365 767 433 Catonern
788 382 898 424 meum.
941 362 1002 423 Sed
1020 380 1100 439 quae
1119 380 1174 428 ex,

151 471 230 521 statu
248 459 403 522 contentio
417 460 548 536 efficitur,
565 481 632 523 eam
647 462 755 523 Graeci
773 463 934 540 κρινόμενον
946 470 1065 532 vocant,
1081 457 1157 518 mihi
1170 459 1173 464 ’

152 560 249 636 placet
267 558 307 633 id,
323 558 466 637 quoniam
481 559 604 637 quidem
618 545 658 621 ad
677 571 712 635 te
722 558 831 634 scribo,
845 576 908 628 ova
921 575 965 618 nu
979 574 1021 618 aa
1036 573 1157 633 noma

150 655 258 717 vocari.
302 655 421 732 Quibus
435 669 536 719 autem
550 658 609 718 hoc
624 677 684 736 qua
703 659 742 718 de
760 653 797 718 re
810 656 906 735 agitur
925 653 1104 728 continetur,
1121 672 1157 714 ea

151 752 336 815 continentia
353 765 505 828 vocentur,
521 754 608 833 quasi
626 756 814 816 firmamenta
833 751 1024 826 defensionis,
1045 751 1183 838 quibuss

155 850 275 912 sublatis
299 851 435 930 defensio
459 854 542 912 nulla
565 852 610 913 sit
654 855 714 914 Sed
738 851 882 931 quoniam
903 853 968 930 lege
989 848 1105 910 firmius
1126 847 1157 908 in

151 948 358 1010 controversiis
372 949 576 1027 disceptandis
591 970 656 1012 esse
670 949 745 1011 nihil
764 951 864 1024 debet,
880 950 982 1010 danda
999 958 1046 1008 est
1065 965 1158 1024 opera

151 1056 185 1107 ut
208 1049 305 1125 legem
332 1046 507 1108 adiutricem
533 1059 563 1109 et
591 1059 699 1110 testem
726 1047 933 1109 adhibeamus.
977 1047 1015 1106 In
1040 1064 1102 1122 qua
1125 1063 1157 1105 re

151 1142 201 1204 alii
223 1143 307 1222 quasi
328 1156 422 1205 status
445 1145 591 1206 exsistunt
616 1145 695 1220 novi,
718 1147 772 1207 sed
796 1147 985 1225 appellentur
1004 1141 1157 1220 legitimae

105 1249 138 1316 9⁶
151 1240 391 1320 disceptationes.
435 1244 515 1303 Tum
530 1243 610 1304 enim
631 1243 803 1306 defenditur
821 1238 884 1304 non
898 1242 929 1303 id
943 1243 1041 1320 legem
1055 1239 1156 1302 dicere
1171 1265 1197 1301 ro

151 1341 235 1418 quod
248 1340 433 1401 adversarius
446 1340 525 1414 velit,
542 1343 596 1403 sed
609 1341 700 1402 aliud.
745 1342 782 1403 Id
797 1352 898 1402 autem
913 1337 1068 1426 contingit,
1085 1357 1156 1399 cum

151 1436 293 1515 scriptum
307 1436 481 1515 ambiguum
496 1449 549 1513 est,
563 1450 595 1498 ut
606 1437 864 1507 duaesententiae
875 1425 1045 1499 differentes
1059 1435 1156 1514 accipi

151 1533 275 1613 possint
325 1536 405 1596 Tum
434 1535 596 1614 opponitur
628 1536 740 1615 scripto
766 1538 904 1597 voluntas
933 1532 1092 1612 scriptoris,
1123 1544 1156 1593 ut

152 1643 309 1710 quaeratur
322 1633 452 1694 verbane
470 1635 537 1712 plus
556 1654 596 1694 an
615 1634 763 1695 sententia
777 1635 875 1694 valere
889 1633 1029 1693 debeant
1072 1633 1153 1691 Tum

150 1729 210 1817 legi
237 1733 285 1791 lex
311 1730 458 1792 contraria
484 1733 624 1793 adfertur.
669 1733 731 1793 Ista
758 1743 828 1793 sunt
860 1729 916 1791 tria
941 1749 1051 1808 genera
1075 1741 1195 1807 quaeis

153 1828 385 1889 controversiam
404 1829 436 1889 in
455 1829 539 1890 omni
559 1830 669 1909 scripto
689 1833 787 1891 facere
807 1828 940 1907 possint:
967 1826 1153 1905 ambiguum,

99 1925 142 1984 26
153 1924 353 2005 discrepantia
380 1926 481 2006 scripti
508 1939 538 1989 et
561 1928 732 2004 voluntatis,
755 1927 865 2006 scripta
889 1924 1043 1987 contraria
1088 1926 1155 1985 Iam

153 2024 212 2084 hoc
232 2023 422 2102 perspicuum
443 2036 496 2099 est,
517 2045 579 2086 non
601 2026 694 2105 magis
715 2025 746 2086 in
767 2024 882 2103 legibus
903 2043 995 2102 quam
1016 2022 1048 2082 in
1070 2033 1157 2083 testa·

153 2121 269 2195 mentis,
285 2121 317 2182 in
331 2121 628 2200 stipulationibus,in
648 2123 769 2202 reliquis
783 2123 872 2184 rebus
892 2141 969 2201 quae
987 2141 1025 2182 ex
1043 2120 1156 2201 scripto

54 2251 56 2253 ·
151 2230 287 2298 aguntur,
316 2239 404 2297 posse
433 2221 657 2297 controversias¹
678 2223 800 2282 easdem
832 2205 995 2290 exsistere,
1033 2221 1155 2280 Horum
1169 2207 1199 2278 ao

105 2322 138 2377 97
151 2316 341 2379 tractationes
354 2317 386 2377 in
396 2317 461 2378 aliis
475 2318 557 2380 libris
571 2315 761 2397 explicantur.
801 2321 867 2380 Nec
881 2320 979 2379 solum
993 2313 1156 2396 perpetuae

151 2413 284 2475 actiones
303 2409 461 2477 sedetiam
481 2428 579 2494 partes
598 2417 741 2478 orationis
759 2417 856 2478 isdem
875 2414 949 2478 locis
967 2415 1154 2489 adiuvantur,

151 2511 259 2590 partim
275 2512 401 2591 propriis
420 2513 528 2591 partim
546 2514 759 2576 communibus
769 2537 777 2590 ;
805 2514 888 2576 utin
908 2511 1071 2593 principiis,
1093 2511 1157 2590 qui-

152 2610 209 2671 bus
229 2621 266 2670 ‘ut
280 2610 438 2686 benevoli,
461 2623 494 2672 ut
521 2612 644 2687 dociles,
669 2624 702 2674 ut
729 2612 836 2673 attenti
860 2611 920 2672 sint
943 2607 997 2690 qui
1020 2609 1155 2684 audiant,

152 2706 342 2769 efficiendum
363 2721 408 2769 est
429 2709 555 2788 propriis
576 2710 650 2772 locis
659 2732 668 2786 ς
703 2709 836 2788 itemque
857 2707 1040 2770 narrationes
1061 2720 1095 2769 ut
1114 2709 1156 2770 ad
1171 2730 1198 2779 ²⁵

152 2824 223 2882 suos
248 2807 322 2867 fines
347 2818 491 2894 spectent,
518 2807 550 2870 id
574 2819 620 2870 est
644 2820 677 2869 ut
701 2810 809 2887 planae
833 2807 902 2882 sint,
928 2817 962 2867 ut
985 2807 1101 2881 breves,
1123 2818 1172 2867 ut

89 2943 90 2948 κ
152 2901 314 2977 evidentes,
337 2914 369 2964 ut
394 2905 560 2981 credibiles,
586 2919 620 2968 ut
645 2908 825 2980 moderatae,
849 2917 882 2966 ut
906 2924 975 2967 cum
1000 2903 1154 2982 dignitate.

153 3002 240 3077 Quae
254 3021 437 3080 quamquam
454 3003 485 3062 in
500 3015 563 3065 tota
577 3004 713 3066 oratione
726 3025 791 3065 esse
805 3001 926 3077 debent,
942 3001 1037 3081 magis
1054 3013 1156 3063 tamen

106 3109 138 3174 98
152 3110 221 3159 sunt
242 3098 361 3178 propria
381 3101 537 3162 narrandi,
573 3103 660 3178 Quae
678 3113 779 3164 autem
801 3099 934 3180 sequitur
954 3099 1157 3162 narrationem

152 3196 235 3270 fides,
252 3216 288 3258 ea
306 3199 517 3275 persuadendo
536 3199 680 3277 quoniam
699 3198 832 3272 efficitur,
849 3197 901 3277 qui
918 3199 959 3259 ad
977 3200 1158 3280 persuaden-
1170 3222 1199 3272 3⁰

151 3294 226 3354 dum
246 3293 305 3355 loci
326 3295 454 3356 maxime
473 3298 591 3358 valeant
612 3297 726 3359 dictum
748 3309 794 3358 est
815 3296 846 3357 in
867 3295 911 3358 eis
931 3294 1096 3375 inquibus
1117 3298 1157 3359 de

187 3462 202 3494 a
218 3455 312 3498 vocant
329 3449 418 3500 cedde
433 3450 565 3515 appellant
584 3450 610 3499 Α
624 3468 631 3500 2
646 3452 699 3502 secl.
719 3451 842 3502 Fn'edn'cb
939 3465 956 3512 4
972 3451 1061 3500 vocari
1070 3450 1157 3501 codd:

152 3528 247 3563 vocare
265 3514 389 3564 Friedrich
497 3530 526 3577 15
550 3517 605 3567 ista
621 3514 737 3580 omms:
767 3518 803 3566 ita
821 3515 889 3566 codd.
998 3516 1029 3564 1⁶
1047 3525 1157 3579 possunt

155 3577 201 3640 Ose
297 3595 330 3644 23
346 3581 438 3644 quibus
449 3581 501 3631 secl.
513 3581 637 3632 Friedrich
730 3600 769 3646 ap¹
781 3583 927 3632 moderatae
939 3580 1025 3633 codd:
1042 3592 1156 3632 moratae

153 3643 207 3695 edd.
222 3650 277 3695 vett.
376 3662 410 3710 29
426 3648 593 3712 consequitur
601 3647 648 3711 As
738 3663 768 3711 31
787 3645 920 3698 braceola:
937 3645 1016 3710 isAs
