2588 4178
358 215 647 277 PARTITIONES
675 215 929 277 ORATORIAE
1111 213 1189 274 1861

184 381 218 442 C.
235 378 387 456 Quoniam
411 391 442 441 et
463 382 502 441 de
526 379 591 457 ipso
613 390 730 441 oratore
756 381 847 440 etde
874 378 1008 440 oratione
1035 378 1142 452 dixisti,

142 496 259 554 expone
283 497 353 538 eum
383 475 457 536 mihi
484 497 566 537 nunc
593 497 683 555 quem
708 497 744 538 ex
771 477 864 538 tribus
891 489 1056 539 extremum
1080 498 1146 555 pro

141 572 268 652 posuisti
288 573 471 652 quaestionis
490 576 599 635 locum.
643 577 675 635 P.
693 577 763 635 Duo
784 586 853 635 sunt
874 573 957 634 utin
978 573 1063 634 initio
1084 575 1145 635 dixi

142 671 352 749 quaestionum
375 691 492 750 genera,
515 692 643 749 quorum
666 675 792 733 alterum
819 671 936 732 finitum
961 671 1145 750 temporibus

113 796 127 845 5
142 780 172 829 et
193 768 327 847 personis
348 789 469 829 causam
483 771 610 846 appello,
625 771 751 830 alterum
771 768 920 830 inlinitum
941 769 1030 829 nullis
1046 790 1146 848 neque

141 865 276 945 personis
295 885 394 944 neque
408 866 592 944 temporibus
605 878 742 927 notatum
756 866 942 944 propositum
956 887 1040 928 voco.
1085 869 1145 928 Sed

142 960 212 1044 [est]
225 963 423 1042 propositum
446 963 530 1041 quasi
552 983 619 1040 pars
642 983 749 1024 causae
774 961 1015 1044 [controversiae]
1026 985 1034 1038 ;
1053 955 1145 1025 ¹inest

140 1060 222 1121 enim
249 1060 400 1120 infinitum
427 1059 459 1120 in
486 1061 610 1122 definito
637 1072 667 1122 et
693 1063 733 1122 ad
755 1061 828 1123 illud
852 1073 954 1129 tamen
980 1063 1146 1122 referuntur

141 1157 251 1218 omnia.
294 1160 395 1234 Quam
414 1157 455 1218 ob
471 1178 534 1218 rem
552 1158 633 1235 prius
650 1161 689 1220 de
709 1159 862 1237 proposito
883 1159 1038 1220 dicamus:
1059 1159 1143 1220 cuius
1157 1166 1187 1217 62

97 1285 129 1324 10
142 1274 250 1333 genera
264 1266 334 1322 sunt
351 1256 421 1329 du0,
436 1254 614 1332 cognitionis
630 1259 774 1331 alterum;
795 1257 857 1317 eius
872 1256 995 1317 scientia
1009 1268 1054 1317 est
1068 1256 1144 1329 finis,
1218 1258 1219 1262 ’

142 1363 176 1411 ut
191 1351 296 1412 ,verine
317 1350 376 1411 sint
397 1371 521 1412 sensus:
542 1354 667 1412 alterum
688 1352 835 1428 actionis3
858 1355 941 1430 quod
961 1355 1084 1414 refertur
1105 1356 1145 1415 ad

139 1447 312 1509 faciendum
340 1448 421 1526 quid,
451 1460 484 1508 ut
511 1448 535 1508 si
563 1461 721 1531 quaeratur
747 1450 856 1527 quibus
882 1450 986 1511 officiis
1016 1451 1147 1512 amicitia
1185 1437 1186 1440 Ἴ

141 1547 270 1607 colenda
290 1545 336 1607 sit.
380 1548 495 1606 Rursus
515 1546 673 1623 superioris
694 1568 802 1625 genera
823 1559 892 1608 sunt
906 1548 978 1609 tria:
999 1548 1037 1609 sit
1051 1570 1147 1610 necne

141 1644 180 1705 sit
199 1656 229 1704 et
247 1644 320 1721 quid
338 1643 375 1704 sit
394 1656 424 1704 et
443 1646 531 1722 quale
551 1644 596 1704 sit.
640 1644 684 1706 Sit
703 1665 798 1706 necne
817 1645 862 1719 sit,
878 1657 911 1706 ut
931 1645 977 1706 ius
991 1645 1022 1705 in
1043 1659 1148 1708 natura

98 1774 128 1823 ¹5
144 1742 182 1803 sit
205 1762 245 1802 an
269 1742 300 1801 in
329 1762 431 1817 more,
462 1741 535 1819 quid
559 1754 659 1804 autem
685 1743 730 1817 sit,
755 1744 815 1804 sic:
846 1744 922 1805 sitne
942 1743 988 1804 ius
1014 1745 1045 1804 id
1066 1748 1149 1822 quod

144 1839 248 1899 maiori
272 1839 348 1917 parti
371 1839 408 1900 sit
433 1839 505 1900 utile
517 1862 525 1914 ;
557 1843 646 1917 quale
667 1853 768 1902 autem
790 1841 838 1917 sit,
859 1841 921 1902 sic:
951 1842 1027 1903 iuste
1051 1842 1149 1904 vivere

143 1936 221 1997 sitne
249 1936 329 1996 utile.
372 1936 509 1998 Actionis
536 1950 637 1998 autem
662 1940 724 1999 du'o
746 1951 816 2005 sunt
839 1960 964 2018 genera:
994 1961 1088 2000 unum
1109 1942 1149 2001 ad
1158 1948 1190 2011 63

142 2035 384 2113 persequendum
413 2033 527 2111 aliquid
550 2045 602 2094 aut
626 2035 846 2110 declinandum,
870 2048 903 2096 ut
930 2035 1039 2114 quibus
1061 2037 1149 2097 rebus

143 2131 268 2209 adipisci
299 2130 423 2208 gloriam
450 2131 546 2208 possis
578 2143 629 2192 aut
662 2153 723 2209 quo
755 2134 847 2194 modo
880 2133 991 2194 invidia
1021 2133 1129 2194 vitetur
1139 2155 1148 2207 3

99 2260 131 2294 ιο
144 2232 279 2301 alterum,
290 2231 373 2307 quod
386 2231 426 2289 ad
440 2229 571 2306 aliquam
582 2229 826 2290 commoditatem
840 2250 987 2307 usumque
998 2233 1145 2302 referatur,
1167 2258 1169 2262 >

144 2338 177 2386 ut
191 2346 281 2404 quem
295 2328 336 2386 ad
350 2327 474 2386 modum
494 2325 532 2386 sit
550 2347 596 2389 res
610 2326 731 2404 publica
743 2327 978 2388 administranda
992 2340 1043 2388 aut
1057 2348 1147 2405 quem

143 2425 183 2484 ad
212 2424 336 2484 modum
369 2422 400 2482 in
428 2434 601 2500 paupertate
628 2417 799 2484 vivendum.
842 2427 956 2485 Rursus
983 2436 1083 2485 autem
1111 2445 1148 2485 ex
1159 2437 1192 2501 ⁶4

143 2519 322 2599 cognitionis
342 2520 569 2594 consultatione,
585 2520 637 2581 ubi
657 2521 695 2581 sit
716 2541 812 2581 necne
832 2521 869 2582 sit
890 2534 941 2582 aut
961 2522 1048 2583 fuerit
1071 2524 1147 2583 lutu-

143 2638 247 2678 rumve
267 2617 304 2677 sit
325 2617 481 2694 quaeritur,
502 2638 596 2678 unum
617 2639 711 2696 genus
733 2629 778 2679 est
801 2620 991 2697 quaestionis,
1014 2620 1147 2698 possitne

99 2747 128 2796 25
143 2713 257 2792 aliquid
276 2714 360 2788 effici,
377 2725 409 2774 ut
430 2735 499 2775 cum
521 2716 671 2793 quaeritur
688 2717 862 2795 ecquisnam
878 2720 1008 2796 perfecte
1028 2718 1146 2796 sapiens

144 2832 209 2872 esse
231 2811 343 2890 possit3
375 2814 511 2887 alterum,
533 2834 623 2890 quem
650 2815 690 2874 ad
718 2815 843 2874 modum
870 2815 1004 2892 quidque
1031 2817 1090 2889 fiat,
1114 2827 1147 2875 ut
1203 2866 1205 2869 .

144 2930 275 2987 quonam
290 2921 379 2988 pacto
397 2909 488 2970 virtus
510 2911 645 2988 pariatur,
662 2922 805 2972 naturane
823 2932 862 2973 arr
882 2912 995 2973 ratione
1013 2933 1052 2972 an
1069 2916 1147 2974 usu?

144 3007 239 3069 Cuius
256 3007 371 3085 generis
392 3028 497 3068 omnes
516 3008 629 3069 suntin
649 3009 767 3087 quibus,
783 3021 815 3069 ut
833 3010 864 3070 in
882 3011 1015 3072 obscuris
1033 3023 1148 3072 natura-

144 3105 282 3182 libusque
309 3105 541 3182 quaestionibus,
571 3127 678 3167 causae
707 3107 896 3186 rationesque
929 3130 1026 3169 rerum
1059 3110 1148 3188 expli-

99 3232 132 3280 30
145 3214 257 3264 cantur.
302 3202 385 3262 Illius
409 3215 510 3263 autem
534 3203 657 3280 generis,
679 3203 711 3263 in
736 3225 797 3283 quo
818 3205 891 3283 quid
912 3205 949 3266 sit
971 3206 1003 3267 id
1026 3208 1064 3267 de
1085 3227 1146 3284 quo
1158 3184 1196 3321 ἐξ

180 3373 193 3417 7
211 3365 251 3406 est
262 3366 313 3407 om.
324 3355 351 3404 P
413 3357 573 3419 propositum
585 3359 643 3407 latis
654 3357 694 3406 P:
713 3361 867 3410 consultatio
883 3361 949 3412 codd.
963 3380 969 3411 ι
986 3364 1146 3425 propositum

145 3423 218 3485 quasi
237 3424 311 3470 latior
328 3439 388 3484 pars
407 3439 500 3472 causae
519 3426 643 3486 quaedam
664 3422 746 3485 Orelli,
767 3427 812 3473 atat·
829 3427 900 3474 alr'ter
1045 3437 1148 3477 contro·

143 3488 244 3536 versiae
255 3487 286 3546 P,
298 3489 351 3538 secl.
364 3487 462 3551 Kayser
545 3505 578 3538 20
595 3490 794 3554 reseraturvulg.
808 3509 815 3541 ε
832 3491 943 3541 refertur
953 3491 1021 3542 codd.
1114 3509 1144 3543 21

144 3554 273 3615 quomodo
287 3555 320 3602 sit
329 3553 355 3602 P
