2588 4178
536 234 714 296 oxArox
1077 241 1189 307 '43146

126 400 157 460 in
176 400 359 479 disputando
378 421 469 478 quam
488 421 524 462 ea
545 403 583 461 de
605 400 713 479 quibus
735 400 897 462 dicendum
918 413 962 461 est
976 400 1127 478 dignitatis

126 500 303 559 babuerunt.
351 502 399 559 De
423 498 520 560 verbis
544 500 624 559 enim
649 499 867 577 componendis
892 511 921 559 et
946 500 984 560 de
1009 499 1128 575 syllabis
1143 521 1190 574 147

127 599 356 675 propemodum
369 596 594 657 dinumerandis
608 610 638 658 et
652 597 843 658 dimetiendis
858 599 1015 674 loquemur
1020 620 1028 672 3
1051 618 1127 675 quae

127 694 217 755 etiam
239 694 263 753 si
285 706 363 767 sunt,
378 694 465 754 sicuti
486 694 560 754 mihi
578 695 726 770 videntur,
741 695 914 768 necessaria,
931 707 1031 755 tamen
1053 697 1128 755 fiunt

100 792 365 870 magnificentius
387 812 478 869 quam
500 793 653 852 docentur.
698 796 752 853 Est
773 793 804 853 id
826 793 950 853 omnino
971 805 1082 866 verum,
1098 805 1128 852 at

127 889 244 967 proprie
267 889 297 948 in
324 892 382 950 hoc
403 889 519 949 dicitur.
567 892 646 949 Nam
668 890 803 950 omnium
826 911 998 968 magnarum
1020 890 1126 950 artium

127 988 204 1048 sicut
217 988 357 1047 arborum
376 987 504 1048 altitudo
523 1008 578 1048 nos
598 989 734 1061 delectat,
751 988 864 1048 radices
887 987 1051 1066 stirpesque
1066 1009 1128 1048 non

128 1086 220 1160 item;
248 1087 301 1145 sed
323 1105 388 1146 esse
409 1085 459 1145 illa
480 1085 544 1146 sine
565 1085 611 1145 his
632 1105 695 1146 non
715 1098 822 1163 potest.
871 1088 924 1146 Me
944 1098 1046 1146 autem
1068 1085 1129 1146 sive

127 1183 399 1261 pervulgatissimus
418 1183 466 1244 ille
484 1204 593 1256 versus
610 1183 661 1261 qui
679 1194 759 1244 vetat

84 1297 114 1334 10
299 1294 394 1342 artem
414 1285 527 1360 pudere
548 1281 686 1359 proloqui
708 1302 798 1358 quam
821 1281 945 1354 lactites‚

128 1375 314 1436 dissimulare
342 1395 403 1436 non
438 1375 508 1436 sinit
540 1375 592 1454 qui
619 1377 759 1450 delecter,
786 1375 848 1436 sive
876 1388 960 1435 tuum
996 1375 1127 1436 studium

122 1494 145 1534 a
164 1495 212 1534 me
232 1476 290 1534 hoc
304 1477 445 1534 volumen
464 1473 614 1551 expressit,
630 1486 731 1534 tamen
751 1473 793 1534 eis
808 1493 884 1551 quos
902 1472 1015 1551 aliquid
1035 1493 1129 1551 repre-

127 1575 272 1632 hensuros
292 1571 463 1650 suspicabar
482 1573 725 1649 respondendum
745 1571 808 1632 fuit.
852 1573 945 1648 Quod
963 1571 987 1631 si
1002 1592 1128 1648 eaquae
1144 1579 1190 1639 148

128 1670 188 1730 dixi
208 1690 270 1730 non
289 1669 330 1729 ita
349 1682 456 1742 essent,
472 1670 538 1747 quis
553 1680 654 1730 tamen
674 1689 705 1729 se
725 1680 785 1729 tam
800 1671 908 1729 durum
923 1682 1129 1746 agrestemque

85 1785 114 1835 15
128 1770 283 1846 praeberet
304 1767 356 1846 qui
377 1770 455 1827 hanc
476 1767 549 1827 mihi
571 1788 632 1828 non
651 1770 736 1828 daret
753 1767 880 1840 veniam,
902 1779 934 1826 ut
954 1788 1022 1827 cum
1044 1788 1129 1828 meae

127 1868 259 1927 forenses
284 1879 361 1927 artes
385 1879 415 1926 et
439 1866 572 1926 actiones
597 1865 735 1944 publicae
763 1865 973 1939 concidissent,
996 1885 1057 1926 non
1080 1886 1129 1926 me

127 1977 179 2024 aut
197 1964 339 2036 desidiae,
359 1967 442 2042 quod
463 1966 560 2024 facere
581 1984 642 2024 non
664 1983 796 2040 possum,
816 1976 867 2024 aut
887 1962 1060 2036 maestitiae,
1080 1963 1129 2023 cui

128 2063 241 2136 resisto,
262 2061 361 2140 potius
386 2081 476 2139 quam
501 2061 604 2122 litteris
629 2063 794 2122 dederem?
828 2063 915 2136 Quae
936 2060 1059 2138 quidem
1080 2080 1129 2121 me

129 2174 217 2221 antea
231 2160 262 2220 in
277 2159 387 2221 iudicia
400 2172 491 2236 atque
504 2159 535 2219 in
550 2159 660 2219 curiam
673 2159 874 2233 deducebant,
883 2178 963 2218 nunc
978 2158 1130 2218 oblectant

85 2279 117 2314 20
130 2259 212 2320 domi
224 2281 232 2334 ;
256 2278 313 2319 nec
334 2279 404 2318 vero
425 2257 533 2318 talibus
555 2259 648 2318 modo
669 2259 757 2318 rebus
779 2256 874 2334 qualis
896 2255 944 2316 hic
966 2256 1040 2316 liber
1060 2276 1131 2316 con·

129 2359 211 2430 tinet,
235 2359 288 2417 sed
313 2359 409 2417 multo
430 2355 519 2416 etiam
540 2355 722 2433 gravioribus
747 2367 777 2415 et
798 2354 980 2434 maioribus,
1006 2353 1129 2430 quaesi

127 2468 215 2517 erunt
236 2457 391 2533 perfectae,
412 2456 547 2531 profecto
568 2452 704 2513 maximis
725 2454 813 2513 rebus
832 2451 1001 2513 forensibus
1022 2451 1130 2511 nostris

129 2552 172 2635 [et
191 2550 331 2634 externis]
346 2552 478 2612 inclusae
494 2549 536 2632 [et
555 2548 750 2632 domesticae]
765 2550 878 2610 litterae
893 2549 1127 2627 respondebunt.

130 2654 190 2717 Sed
204 2653 244 2712 ad
258 2650 423 2711 institutam
437 2649 669 2727 disputationem
684 2661 871 2710 revertamur.

85 2774 116 2825 ²5
171 2751 419 2813 Conlocabuntur
429 2748 517 2827 igitur
527 2749 624 2821 verba,
634 2760 685 2808 aut
699 2759 733 2808 ut
746 2747 822 2833 inter
836 2768 868 2807 se
877 2766 966 2824 quam
978 2743 1130 2822 aptissime
1146 2797 1156 2832 Ι

130 2851 309 2910 cohaereant
334 2858 464 2907 extrema
486 2865 555 2906 cum
581 2845 682 2924 primis
705 2865 800 2922 eaque
825 2844 884 2904 sint
906 2863 996 2920 quam
1022 2841 1132 2902 suavis-

129 2945 212 3007 simis
230 2944 364 3017 vocibus,
381 2953 434 3004 aut
452 2955 485 3003 ut
503 2946 599 3003 forma
619 2943 684 3020 ipsa
704 2941 952 3019 concinnitasque
971 2942 1129 3001 verborum

129 3043 269 3105 conficiat
290 3044 393 3103 orbem
419 3062 517 3117 suum,
536 3053 588 3102 aut
609 3054 641 3102 ut
662 3040 892 3119 comprehensio
916 3059 1076 3099 numerose
1101 3048 1131 3098 et

128 3153 198 3220 apte
218 3143 313 3202 cadat.
356 3144 457 3219 Atque
474 3139 548 3201 illud
565 3139 694 3217 primurn
708 3139 863 3201 videamus
878 3139 965 3217 quale
985 3136 1031 3210 sit,
1047 3139 1130 3215 quod

84 3261 118 3312 30
129 3243 176 3302 vel
202 3240 329 3300 maxime
353 3239 504 3301 desiderat
524 3237 719 3317 diligentiam,
742 3250 776 3298 ut
803 3239 854 3297 fiat
877 3235 962 3315 quasi
986 3247 1132 3295 structura

130 3340 278 3418 quaedam
296 3358 353 3399 nec
372 3349 472 3399 tamen
494 3339 545 3398 fiat
563 3357 688 3416 operose
698 3358 706 3411 ;
727 3357 797 3401 nam
816 3347 894 3396 esset
908 3355 978 3395 cum
997 3333 1130 3393 infinitus

1160 2799 1192 2847 49

161 3505 220 3559 5at
232 3495 354 3546 Schenkl:
372 3496 435 3546 utA
448 3514 454 3545 ε
471 3494 553 3544 sedL
650 3492 945 3556 9pervagatissimus1.
1041 3505 1068 3537 11
1087 3489 1130 3550 qui

127 3562 252 3628 Madvig:
268 3564 329 3625 quin
342 3562 411 3611 AL:
428 3571 549 3625 quantum
563 3558 628 3607 Reid
709 3573 740 3607 aa
757 3559 874 3608 maximis
886 3555 973 3608 om.L
1053 3571 1086 3616 23
1104 3563 1131 3605 et

127 3630 243 3679 externis
254 3645 304 3678 om.
320 3627 342 3675 L
409 3635 435 3677 et
447 3628 603 3677 domesticae
614 3640 662 3674 om.
678 3624 699 3672 L
809 3640 840 3688 27
858 3632 903 3673 aut
915 3632 942 3673 ut
953 3625 997 3679 14⁴:
1014 3628 1043 3670 ut
1053 3630 1097 3670 aut
1109 3622 1131 3678 L

127 3710 161 3757 3⁰
178 3701 206 3744 ut
219 3694 316 3743 fiatA:
333 3700 374 3743 est
385 3694 503 3743 enimL:
520 3700 560 3741 est
571 3690 638 3739 enim
651 3697 678 3739 ut
691 3691 735 3759 fiat
746 3690 813 3759 vulg.
891 3705 921 3752 31
936 3688 1034 3738 fiatA:
1051 3682 1130 3736 fietl.
