2588 4178
146 203 228 268 1965
463 195 506 264 Μ.
537 194 665 252 rvmr
696 193 930 255 acaronis

195 355 307 416 faciunt
329 376 418 433 quam
443 365 498 416 nos
521 368 550 417 et
571 357 709 431 crebrius,
733 356 896 417 concinnas
921 354 1014 433 magis
1036 353 1200 416 sententias

195 454 351 531 exquirunt
373 475 462 531 quam
484 455 688 532 probabiliS,a
709 476 741 516 re
762 475 851 532 saepe
872 453 1041 528 discedunt,
1064 452 1201 513 intexunt

195 552 318 632 fabulas,
342 552 432 612 verba
459 552 546 612 altius
574 555 753 613 transferunt
780 572 877 630 eaque
904 550 945 610 ita
973 550 1139 629 disponunt
1167 560 1200 608 ut

195 646 323 725 pictores
337 649 508 710 varietatem
528 653 670 723 colorum,
686 649 768 728 paria
782 649 903 727 paribus
919 651 1059 720 referunt,
1074 649 1200 707 adversa

196 745 357 820 contrariis,
374 747 605 825 saepissimeque
622 747 755 808 similiter
771 759 901 807 extrema
916 745 1070 806 definiunt.
1116 743 1200 803 Huic
1215 755 1228 802 5

195 843 296 920 generi
318 844 439 904 historia
467 844 592 904 finitima
620 856 673 918 est,
697 844 728 904 in
751 865 811 922 qua
833 855 863 904 et
887 854 1021 903 narratur
1044 852 1147 902 ornate
1170 852 1200 901 et

195 941 275 1019 regio
304 961 392 1019 saepe
419 954 471 1002 aut
498 963 598 1020 pugna
626 942 821 1016 describitur;
851 941 1081 1018 interponuntur
1108 937 1199 998 etiam

195 1039 350 1100 contiones
365 1051 394 1100 et
409 1040 600 1113 hortationes
613 1042 667 1101 sed
681 1040 712 1099 in
727 1039 773 1100 his
787 1049 881 1099 tracta
894 1039 1043 1115 quaedam
1058 1047 1088 1096 et
1103 1037 1200 1096 fluens

195 1136 347 1214 expetitur,
364 1157 426 1197 non
440 1139 515 1198 haec
530 1148 666 1199 contorta
681 1148 711 1198 et
724 1136 799 1196 acris
814 1135 916 1196 oratic.

234 1233 284 1308 Ab
303 1235 349 1294 his
369 1255 430 1295 non
448 1238 543 1296 multo
564 1256 650 1296 secus
670 1254 760 1312 quam
777 1254 795 1294 a
816 1232 912 1311 poetis
932 1234 1007 1293 haec
1026 1231 1199 1309 eloquentia
1212 1251 1244 1285 ro

108 1319 110 1324 ¹
195 1346 285 1407 quam
303 1332 471 1409 quaerimus
491 1335 660 1394 sevocanda
679 1343 730 1392 est.
775 1334 855 1391 Nam
875 1329 965 1391 etiarn
984 1341 1091 1408 poetae
1111 1349 1199 1407 quae-

195 1427 323 1489 stionem
343 1432 512 1503 attulerunt,
528 1430 672 1507 quidnam
694 1440 772 1490 esset
793 1428 867 1488 illud
888 1448 950 1505 quo
971 1426 1028 1504 ipsi
1047 1426 1198 1486 differrent

194 1526 233 1585 ab
250 1525 433 1586 oratoribus:
458 1544 583 1587 numero
605 1527 733 1586 maxime
751 1525 930 1586 videbantur
947 1535 1036 1583 antea
1054 1534 1084 1584 et
1100 1543 1194 1596 versu,

149 1630 181 1694 67
195 1644 275 1684 nunc
290 1626 370 1702 apud
384 1635 514 1685 oratores
528 1624 588 1684 iarn
602 1625 666 1703 ipse
681 1643 821 1684 numerus
835 1620 1004 1682 increbruit.
1042 1619 1196 1697 Quicquid

195 1731 239 1780 est
254 1721 335 1781 enim
354 1724 437 1799 quod
454 1721 510 1782 sub
529 1721 645 1782 aurium
665 1740 834 1781 mensuram
853 1719 984 1796 aliquam
998 1717 1086 1792 cadit,
1103 1716 1193 1777 etiarn
1211 1733 1242 1781 15

194 1817 218 1877 si
240 1819 325 1878 abest
347 1840 365 1878 a
388 1839 587 1880 versu-nam
611 1819 643 1880 id
665 1818 788 1896 quidem
813 1815 955 1876 orationis
981 1826 1026 1875 est
1049 1814 1198 1874 vitium-

193 1935 334 1975 numerus
352 1927 482 1989 vocatur,
499 1917 550 1995 qui
566 1919 679 1977 Graece
698 1915 803 1992 ῥυθμὸς
823 1913 940 1974 dicitur.
984 1914 1090 1988 Itaque
1108 1910 1197 1972 video

192 2011 288 2071 visum
303 2033 368 2074 esse
383 2034 444 2074 non
456 2013 544 2074 nullis
559 2011 691 2073 Platonis
709 2023 739 2073 et
754 2009 920 2072 Democriti
934 2008 1127 2081 locutionem,
1140 2008 1196 2068 etsi

191 2108 269 2169 absit
289 2128 307 2168 a
328 2130 421 2184 versu,
441 2122 543 2172 tamen
564 2112 647 2189 quod
668 2107 818 2169 incitatius
843 2109 951 2167 feratur
975 2117 1005 2166 et
1027 2104 1195 2165 clarissimis

192 2203 350 2262 verborum
372 2203 534 2273 luminibus
556 2215 662 2276 utatur,
677 2201 777 2280 potius
796 2220 905 2278 poema
921 2200 1088 2277 putandum
1104 2217 1195 2274 quarn
1210 2219 1243 2256 ao
1267 2198 1268 2201 ’

192 2299 377 2359 comicorum
397 2313 572 2378 poetarum3
592 2302 673 2378 apud
691 2318 777 2376 quos,
791 2297 849 2357 nisi
866 2298 949 2374 quod
963 2295 1099 2356 versiculi
1115 2307 1194 2369 sunt,

193 2397 267 2456 nihil
281 2410 325 2457 est
339 2398 421 2459 aliud
440 2399 583 2458 cotidiani
602 2397 746 2459 dissimile
765 2395 918 2456 sermonis.
963 2396 1029 2454 Nec
1046 2405 1146 2454 tamen
1163 2394 1195 2454 id

193 2505 237 2554 est
253 2483 365 2571 'poetae
387 2494 560 2569 maximum,
577 2494 632 2555 etsi
653 2504 698 2553 est
719 2513 756 2552 eo
776 2490 954 2552 laudabilior
973 2492 1055 2568 quod
1074 2487 1196 2550 virtutes

147 2595 178 2645 68
193 2591 316 2652 oratoris
335 2592 529 2670 persequitur,
547 2612 617 2653 curn
636 2611 723 2651 versu
743 2589 780 2650 sit
801 2588 954 2648 astrictior.
999 2590 1064 2664 Ego
1084 2599 1193 2661 autem,

192 2689 282 2749 etiam
303 2689 327 2748 si
347 2691 536 2767 quorundam
558 2688 677 2767 grandis
700 2699 730 2748 et
755 2697 859 2748 ornata
884 2706 942 2745 vox
964 2696 1009 2745 est
1029 2697 1193 2762 poetarum,
1212 2708 1242 2758 ²5

192 2786 343 2848 tamenin
365 2807 400 2846 ea
421 2792 490 2847 curn
506 2786 662 2847 licentiam
684 2796 782 2845 statuo
804 2783 946 2843 maiorem
968 2802 1033 2842 esse
1053 2802 1143 2859 quarn
1163 2781 1194 2842 in

192 2883 279 2943 nobis
301 2883 507 2944 faciendorum
532 2883 811 2960 iungendorumque
833 2881 999 2951 verborum,
1019 2890 1082 2939 tum
1104 2878 1195 2938 etiam

191 3001 253 3041 non
275 2980 349 3040 nulli
370 2998 473 3042 eorum
494 2980 639 3041 voluntati
660 2980 784 3041 vocibus
807 2978 900 3056 magis
925 2997 1016 3055 quarn
1041 2978 1130 3037 rebus
1152 2977 1195 3036 in-

191 3077 339 3152 serviunt3
368 3098 423 3138 nec
440 3098 518 3150 vem,
538 3077 563 3137 si
582 3076 655 3155 quid
675 3087 833 3137 estunam
854 3075 931 3135 inter
951 3095 1003 3135 eos
1025 3073 1195 3137 simile—id

190 3187 291 3234 autem
310 3186 355 3235 est
371 3174 516 3236 iudicium
535 3174 701 3252 electioque
720 3161 930 3248 verborum-,
943 3184 1100 3250 propterea
1117 3185 1195 3234 cete·
1208 3193 1242 3239 30

161 728 183 770 0

169 801 185 852 6

224 3344 240 3389 3
258 3329 334 3377 altius
345 3328 430 3378 Beier:
448 3330 562 3391 apertius
573 3327 613 3379 L:
631 3329 752 3378 audacius
762 3326 855 3378 Schultz
982 3341 998 3389 5
1016 3327 1142 3376 definiunt
1154 3327 1196 3378 L:

193 3394 316 3458 finiuntur
334 3395 424 3442 maluit
438 3395 508 3443 Bake
621 3408 652 3456 15
668 3394 771 3444 caditL
787 3399 811 3442 et
824 3393 934 3454 Rufin.:
958 3394 1033 3442 cadat
1052 3390 1197 3457 Wesenberg

195 3474 226 3520 19
243 3460 370 3509 incitatius
378 3461 425 3507 Fe
441 3459 592 3509 incitatusL
658 3475 691 3508 ao
708 3460 847 3522 putandam
856 3457 1019 3507 malm'tRer‘d
1080 3458 1114 3505 aa
1129 3473 1195 3507 non·

192 3524 255 3572 nulli
265 3539 353 3572 eorum
361 3524 480 3587 Madvig:
499 3541 523 3574 n.
535 3525 633 3574 aurium
641 3523 750 3586 Schtitz:
765 3523 977 3573 nonnullorumL
1022 3521 1194 3573 votunattL:

191 3590 317 3651 voluptati
326 3589 450 3654 Madvig:
466 3591 598 3640 voluntate
604 3589 705 3654 Sauppe
763 3589 907 3638 inserviunt
916 3588 1002 3653 vulg.:
1019 3586 1193 3638 inserviantL
