2588 4178
105 217 133 260 11
147 223 179 276 a
425 201 468 259 M.
491 200 618 259 rvmr
641 199 873 262 crcaaorus

148 369 238 429 fuisse
259 366 460 446 suspicionem
481 387 598 428 veneno
619 367 676 428 sibi
697 367 877 429 conscivisse
897 379 1042 429 mortem:
1064 370 1146 430 hunc

147 466 196 526 isti
216 464 308 538 aiunt,
328 485 397 526 curn
420 475 536 525 taurum
557 464 780 540 immolavisset,
798 465 950 544 excepisse
970 466 1146 545 sanguinem

147 575 249 642 patera
263 575 293 624 et
307 583 344 623 eo
358 575 431 641 poto
446 575 596 623 mortuum
610 562 787 624 concidisse.
818 565 909 624 Hanc
923 564 1003 625 enim
1019 576 1146 625 mortem

148 661 294 722 rhetorice
321 673 352 721 et
379 660 488 738 tragice
516 681 620 722 ornare
647 673 817 739 potuerunt,
841 662 891 722 illa
915 682 995 732 mors
1019 662 1146 740 vulgaris

148 760 261 819 nullam
276 758 438 837 praebebat
451 757 605 830 materiem
624 760 663 818 ad
683 770 831 819 ornatum.
874 761 944 835 Qua
957 779 988 819 re
1002 759 1145 836 quoniam
1160 781 1173 830 5

148 857 203 917 tibi
217 857 258 916 ita
272 858 404 934 quadrat,
422 855 523 916 omnia
536 855 627 916 fuisse
641 857 672 915 in
686 855 891 917 Themistocle
905 855 987 934 paria
1000 869 1030 917 et
1045 856 1147 919 Corio-

147 956 225 1027 lan0,
247 966 378 1032 pateram
402 973 523 1031 quoque
545 973 563 1013 a
585 973 635 1013 me
657 973 757 1013 sumas
780 953 859 1027 licet,
880 954 1031 1032 praebebo
1056 954 1146 1015 etiam

94 1074 126 1123 44
147 1051 285 1123 hostiam,
309 1063 342 1111 ut
363 1051 541 1113 Coriolanus
562 1049 600 1110 sit
624 1053 712 1128 plane
736 1053 810 1111 alter
830 1050 1059 1112 Themistocles.
1102 1052 1147 1112 Sit

148 1169 227 1223 sane,
254 1149 386 1230 inquam,
405 1160 445 1214 ¹ut
468 1147 550 1220 libet,
573 1143 697 1209 de‘isto
708 1171 717 1223 3
746 1159 777 1209 et
800 1168 856 1225 ego
881 1148 1146 1226 cautiusposthac

147 1239 301 1307 historiam
325 1245 469 1323 attingam
490 1248 519 1307 te
540 1245 690 1319 audiente,
708 1266 798 1324 quem
823 1267 921 1307 rerum
941 1249 1146 1308 Romanarum
1161 1271 1192 1308 ro

147 1356 299 1405 auctorem
323 1345 444 1404 laudare
466 1364 589 1422 possum
611 1339 873 1428 religiosissimum.
916 1346 976 1406 Sed
999 1357 1063 1406 turn
1086 1348 1147 1408 fere

149 1441 277 1502 Pericles
291 1441 457 1519 Xanthippi
471 1441 559 1517 filius,
573 1443 611 1502 de
631 1461 692 1519 quo
708 1454 778 1502 ante
795 1442 863 1516 dixi,
880 1443 992 1521 primus
1008 1434 1147 1514 adhibuit

148 1539 333 1614 doctrinam3
354 1559 432 1616 quae
446 1557 628 1617 quamquam
644 1525 707 1599 tum
722 1542 803 1599 nulla
820 1533 1029 1614 eratdicendi,
1046 1552 1147 1601 tamen

148 1638 187 1698 ab
201 1640 377 1714 Anaxagora
395 1636 519 1714 physico
539 1633 671 1698 eruditus
691 1637 932 1703 exercitationem
951 1638 1059 1698 mentis
1073 1659 1092 1697 a
1106 1660 1148 1700 re·

148 1734 278 1794 conditis
300 1733 502 1812 abstrusisque
530 1736 618 1795 rebus
646 1724 685 1795 ad
707 1755 812 1799 causas
836 1735 961 1796 lorensis
985 1736 1147 1819 popularis-
1161 1759 1190 1810 15

149 1852 209 1910 que
230 1831 316 1891 facile
336 1832 528 1892 traduxerat.'
565 1831 666 1892 Huius
687 1831 832 1893 suavitate
852 1832 981 1893 maxime
1005 1832 1147 1895 hilaratae

150 1931 289 1989 Athenae
309 1940 386 2001 sunt,
403 1930 490 1988 huius
512 1930 677 1990 ubertatem
699 1941 729 1990 et
749 1930 867 2008 copiam
888 1929 1051 1993 admiratae
1072 1931 1148 1992 eius-

102 2048 135 2092 12
151 2028 221 2087 dem
236 2026 295 2085 vim
311 2025 431 2086 dicendi
445 2038 648 2104 terroremque
656 2027 826 2088 timuerunt.
845 2020 847 2024 ’
864 2031 950 2089 Haec
964 2027 1052 2109 igitur
1065 2041 1147 2090 aetas

103 2143 134 2192 45
150 2123 246 2202 prima
260 2122 548 2185 Athenis-oratorem
567 2136 660 2203 prope
677 2127 842 2202 perfectum
863 2125 938 2185 tulit.
981 2127 1048 2186 Nec
1065 2126 1145 2186 enim

149 2222 180 2281 in
201 2214 452 2283 constituentibus
474 2242 537 2281 rem
559 2221 711 2299 publicam
736 2242 792 2283 nee
817 2221 851 2283 in
873 2223 952 2283 bella
976 2223 1146 2300 gerentibus
1161 2249 1192 2284 ιο

148 2340 205 2380 nec
229 2319 262 2384 in
285 2317 435 2396 impeditis
463 2338 499 2378 ac
526 2338 629 2396 regum
657 2318 863 2380 dominatione
890 2319 1037 2380 devinctis
1063 2320 1147 2381 nasci

148 2416 296 2494 cupiditas
317 2415 439 2475 dicendi
463 2417 547 2476 solet.
590 2416 675 2476 Pacis
696 2429 742 2477 est
763 2437 864 2477 comes
888 2416 990 2494 otique
1014 2417 1095 2478 socia
1117 2430 1147 2478 et

149 2512 208 2573 iarn
230 2514 307 2573 bene
327 2512 506 2573 constitutae
527 2511 652 2573 civitatis
673 2513 758 2591 quasi
777 2515 899 2574 alumna
919 2516 1066 2592 quaedam
1088 2516 1148 2574 elo

102 2629 134 2692 4⁶
150 2610 279 2689 quentia
332 2612 438 2686 ltaque
465 2609 506 2670 ait
534 2609 718 2685 Aristoteles,
743 2632 813 2672 cum
840 2611 964 2672 sublatis
992 2611 1023 2671 in
1047 2611 1148 2672 Sicilia

150 2707 280 2785 tyrannis
299 2727 345 2766 res
364 2706 494 2784 privatae
514 2711 604 2784 longo
626 2708 780 2770 intervallo
799 2709 916 2770 iudiciis
935 2721 1145 2786 repeterentur,
1161 2695 1193 2789 ²5¹

149 2818 213 2865 tum
238 2805 375 2882 primum,
403 2807 487 2882 quod
511 2817 589 2865 esset
612 2817 700 2866 acuta
724 2806 774 2866 illa
795 2826 868 2884 gens
892 2819 922 2867 et
946 2807 1147 2867 controversia

148 2910 281 2975 †natura,
305 2913 398 2962 artem
426 2915 456 2963 et
483 2915 642 2980 praecepta
665 2903 781 2964 Siculos
804 2906 950 2966 Coracem
978 2916 1008 2964 et
1031 2904 1146 2964 Tisiam

148 2999 470 3076 conscripsisse—nam
495 3012 583 3060 antea
607 3000 759 3061 neminem
784 3001 905 3062 solitum
926 3001 974 3060 via
994 3021 1050 3061 nec
1074 3014 1144 3074 arte,

148 3101 201 3160 sed
211 3108 348 3157 accurate
357 3108 456 3156 tamen
468 3109 498 3156 et
506 3097 653 3175 descripte
664 3100 822 3175 plerosque
833 3098 932 3159 dicere
942 3133 981 3141 —
990 3121 1000 3173 3
1013 3097 1147 3175 scriptas·

181 3254 354 3314 somandum
366 3252 607 3300 maluitLamla'nus
671 3254 726 3302 oin
738 3252 795 3302 add.
805 3252 839 3303 cd.
854 3253 930 3304 Rom.
976 3254 1146 3302 Themistocli

148 3319 217 3368 codd.
226 3318 281 3366 datr.
334 3319 363 3365 16
377 3319 534 3380 perduxerat
541 3315 628 3365 BHM
675 3335 715 3378 ao,
725 3335 755 3366 21
771 3320 853 3367 necin
861 3320 886 3366 F
886 3318 922 3367 0²
933 3337 939 3368 ε
951 3335 999 3368 nec
1008 3318 1076 3367 codd.
1086 3319 1144 3380 (bis)

149 3399 231 3444 ema
248 3385 333 3431 etiam
343 3383 516 3431 F²:'etiaan
598 3399 629 3444 24
647 3383 769 3433 SiciliaG
794 3382 965 3432 :SiciliamL
1060 3388 1145 3445 26,27

147 3461 175 3497 et
187 3450 362 3498 controversia
377 3456 467 3496 natura
479 3447 519 3496 L:
536 3456 562 3497 et
575 3457 740 3498 controversa
755 3451 780 3496 in
793 3465 823 3498 ea
836 3450 892 3498 iura
903 3449 1024 3513 Madvig:
1042 3457 1067 3497 et
1084 3465 1146 3508 cou-

149 3515 274 3562 troversia
282 3524 341 3561 nata
351 3513 437 3561 Peter:
454 3521 480 3561 et
488 3515 669 3563 controversiis
678 3523 737 3564 nata
742 3515 849 3574 Jacobs:
867 3521 893 3563 et
902 3531 922 3565 c.
935 3522 1033 3564 matura
1041 3514 1145 3563 Martha

148 3594 180 3642 29
200 3580 328 3643 descripte
340 3579 452 3628 Schmita
464 3597 470 3628 r
488 3581 521 3628 de
532 3580 628 3642 scripto
639 3580 661 3628 L
