2588 4178
138 214 239 290 83287
456 217 499 274 M.
530 217 658 277 Tuum
687 216 920 278 crememus

189 383 347 444 dissimiles
368 395 398 444 et
417 385 566 444 aliorum?
607 385 853 463 ‘Thucydidem’
873 383 977 462 inquit,
1003 383 1188 444 ‘imitamur.'

188 481 318 558 Optime,
342 481 366 541 si
386 481 538 541 historiam
562 482 700 557 scribere,
722 503 783 542 non
812 482 836 542 si
861 503 966 542 causas
988 481 1087 542 dicere
1110 483 1187 560 cogi-

187 578 263 638 tatis.
306 578 500 656 Thucydides
521 579 602 640 enim
622 600 719 640 rerum
738 590 886 657 gestarum
904 579 1111 657 pronuntiator
1129 580 1187 639 sin-

186 696 270 735 cems
294 687 323 736 et
347 676 466 754 grandis
495 677 584 737 etiarn
610 677 683 752 luit3
713 679 773 737 hoc
796 679 913 738 forense
935 677 1185 738 concertatorium

186 771 324 833 iudiciale
338 794 400 833 non
416 773 550 834 tractavit
563 794 665 852 genus.
710 773 869 835 Orationes
890 785 990 835 autem
1010 794 1084 852 quas
1099 774 1213 838 inter-5

185 869 438 947 posuit—multae
459 870 540 931 enim
563 883 724 932 sunt-eas
739 892 801 949 ego.
810 873 932 932 laudare
953 873 1036 932 soleo
1046 894 1054 947 3
1076 871 1185 932 imitari

185 988 283 1044 neque
302 967 413 1045 possim
437 968 460 1028 si
480 969 577 1042 velim,
601 989 656 1029 nec
681 970 769 1029 velim
789 971 913 1030 fortasse
934 968 958 1029 si
977 968 1100 1046 possim.
1143 973 1185 1030 Vt

184 1065 209 1124 si
232 1065 299 1142 quis
323 1067 449 1126 Falerno
475 1067 545 1126 vino
570 1069 743 1140 delectetur,
768 1069 821 1127 sed
847 1088 883 1127 eo
906 1088 962 1127 nec
985 1066 1026 1126 ita
1048 1087 1128 1128 novo
1151 1079 1184 1128 ut

184 1162 324 1239 proximis
345 1164 518 1224 consulibus
540 1175 643 1223 natum
663 1161 744 1239 velit,
763 1185 819 1224 nec
847 1185 945 1224 mrsus
966 1163 1008 1223 ita
1026 1176 1125 1225 vetere
1151 1177 1184 1226 ut

183 1259 337 1336 Opimium
353 1273 404 1320 aut
416 1261 556 1321 Anicium
572 1264 727 1321 consulem
743 1261 1006 1339 quaerat—‘atqui
1021 1263 1078 1322 hae
1093 1274 1183 1324 notae
1198 1282 1230 1317 10

182 1369 251 1416 sunt
273 1356 423 1435 optimae,'
448 1360 539 1420 credo
549 1381 557 1432 3
586 1361 639 1419 sed
661 1359 753 1418 nimia
771 1370 902 1419 vetustas
924 1360 1092 1420 nechabet
1115 1380 1182 1420 earn

182 1474 272 1530 quam
295 1456 465 1532 quaerimus
485 1456 661 1516 suavitatem
681 1477 737 1517 nec
752 1468 796 1517 est
811 1457 871 1517 iam
889 1476 960 1517 sane
980 1457 1183 1518 tolerabilis—

119 1569 166 1617 288
182 1571 256 1612 num*
273 1552 360 1630 igitur
379 1553 430 1631 qui
450 1556 508 1615 hoc
531 1553 648 1629 sentiat,
663 1554 688 1614 si
706 1554 730 1613 is
751 1566 855 1632 potare
870 1554 948 1627 velit,
964 1557 1003 1615 de
1023 1555 1106 1616 dolio
1124 1556 1182 1617 sibi

180 1650 377 1711 hauriendum
398 1655 504 1730 putet?
543 1652 671 1712 Minime
681 1675 689 1726 3
710 1654 764 1712 sed
779 1655 930 1729 quandam
950 1664 1090 1730 sequatur
1104 1666 1181 1715 aeta·

180 1758 248 1806 tem.
293 1748 342 1808 Sic
367 1770 422 1827 ego
447 1749 510 1809 istis
538 1750 704 1810 censuerim
733 1760 762 1810 et
787 1769 896 1808 novam
922 1749 1008 1810 istam
1031 1750 1115 1827 quasi
1141 1753 1179 1812 de
1196 1771 1225 1820 ¹5

180 1857 279 1907 musto
307 1867 342 1906 ac
365 1850 431 1908 lacu
457 1847 599 1908 fervidam
628 1846 793 1908 orationem
818 1847 990 1924 fugiendam
1013 1868 1070 1908 nec
1097 1848 1179 1909 illam

179 1947 360 2020 praeclaram
378 1945 549 2022 Thucydidi
571 1945 659 2006 nimis
679 1957 809 2007 veterem
827 1957 980 2022 tamquam
1001 1945 1179 2007 Anicianam

180 2052 282 2100 notam
297 2045 543 2120 persequendam.
590 2046 659 2121 Ipse
676 2043 757 2104 enim
776 2042 971 2120 Thucydides
990 2043 1015 2103 si
1033 2045 1180 2121 posterius

122 2135 164 2208 84
179 2138 292 2214 fuisset,
314 2143 409 2201 multo
432 2141 572 2201 maturior
592 2141 695 2202 fuisset
717 2153 747 2202 et
771 2140 876 2200 mitior.
921 2143 1179 2203 ‘Demosthenem

178 2235 267 2313 igitur
283 2237 451 2298 imitemur!
494 2240 522 2299 O
542 2239 573 2298 di
595 2239 668 2299 boni
678 2260 687 2313 3
708 2238 789 2316 quid,
806 2259 929 2316 quaeso,
944 2259 999 2300 nos
1019 2239 1102 2301 aliud
1120 2239 1179 2318 agi·
1193 2265 1225 2301 πο

178 2355 244 2401 mus
267 2347 319 2395 aut
340 2336 413 2414 quid
434 2336 515 2396 aliud
537 2339 700 2414 optamus?
739 2340 780 2397 At
795 2352 856 2397 non
878 2336 1078 2414 adsequimur.
1123 2336 1178 2397 Isti

115 2445 162 2508 289
176 2431 257 2492 enim
272 2432 411 2494 videlicet
428 2432 521 2494 Attici
541 2433 634 2495 nostri
654 2436 736 2511 quod
751 2436 855 2494 volunt
872 2437 1084 2512 adsequuntur.
1129 2437 1177 2495 Ne

176 2529 250 2589 illud
265 2530 388 2607 quidem
402 2531 586 2609 intellegunt,
603 2552 664 2593 non
679 2534 772 2592 modo
790 2532 831 2592 ita
845 2532 1007 2593 memoriae
1024 2532 1175 2610 proditum

176 2647 241 2688 esse
269 2629 322 2688 sed
351 2627 391 2688 ita
416 2649 541 2690 necesse
568 2629 667 2702 fuisse,
692 2651 761 2690 cum
792 2632 1014 2691 Demosthenes
1042 2630 1176 2691 dicturus

176 2736 263 2801 esset,
282 2737 315 2786 ut
334 2746 496 2787 concursus
513 2727 655 2788 audiendi
672 2748 763 2788 causa
780 2749 815 2787 ex
837 2739 900 2789 tota
917 2729 1043 2790 Graecia
1061 2729 1174 2789 fierent.
1191 2749 1221 2798 ²5

176 2825 216 2882 At
238 2843 308 2883 cum
333 2823 381 2884 isti
401 2824 494 2884 Attici
516 2824 629 2899 dicunt,
650 2846 711 2886 non
730 2828 823 2887 modo
845 2847 864 2886 a
885 2846 1004 2899 corona,
1026 2828 1109 2903 quod
1131 2838 1176 2886 est

175 2920 273 2999 ipsum
302 2921 478 2996 miserabile,
508 2925 561 2983 sed
589 2923 678 2984 etiam
706 2924 753 2984 ab,
774 2924 926 2985 advocatis
958 2923 1173 3001 relinquuntur.

175 3020 289 3094 Quare
303 3019 328 3080 si
344 3031 470 3100 anguste
484 3031 513 3082 et
528 3020 641 3082 exiliter
655 3021 754 3082 dicere
771 3033 816 3082 est
834 3022 1013 3096 Atticorum,
1027 3022 1086 3083 sint
1103 3042 1176 3084 sane

166 3117 267 3188 ,Attici
277 3139 286 3192 3
315 3119 368 3179 sed
399 3117 430 3179 in
465 3117 620 3179 comitium
652 3118 783 3192 veniant,
814 3121 853 3180 ad
882 3130 1011 3180 stantem
1043 3118 1174 3181 iudicem

174 3213 293 3275 dicant:
313 3215 453 3277 subsellia
462 3216 654 3294 grandiorem>
661 3228 691 3290 et
702 3217 865 3295 pleniorem
876 3237 982 3278 vocem
993 3216 1172 3304 desiderant.
1188 3234 1220 3283 30

111 3330 161 3381 290
173 3313 254 3372 Volo
274 3313 333 3373 hoc
354 3313 463 3374 oratori
483 3313 646 3392 contingat,
665 3326 699 3376 ut
718 3335 788 3375 cum
804 3314 942 3376 auditum
963 3315 1002 3376 sit
1018 3335 1088 3376 eum
1108 3335 1174 3377 esse

208 3483 235 3516 11
255 3469 368 3529 optimae
379 3469 465 3532 vulga:
484 3468 580 3530 optime
593 3467 616 3515 L
692 3472 723 3518 16
739 3477 823 3519 musto
834 3487 864 3519 ac
876 3472 927 3520 secl.
941 3470 1056 3520 Ellendt:
1073 3470 1105 3519 de
1116 3471 1173 3521 lacu

172 3549 202 3581 ac
214 3541 297 3582 musto
309 3533 427 3582 Martha:
446 3535 478 3582 de
490 3535 567 3583 musti
575 3534 631 3583 lacu
640 3534 765 3584 Baehrens
805 3552 837 3586 πο
849 3552 945 3599 quaeso
964 3537 1031 3600 vulga
1043 3553 1048 3586 :
1067 3537 1172 3598 quasiL

172 3615 204 3660 ²3
221 3600 255 3647 ita
267 3615 319 3648 om.
332 3598 419 3647 BHM
