2588 4178
533 198 711 260 ORATOR
1101 213 1119 276 7
1135 221 1165 260 aa

122 365 154 426 in
183 365 295 427 Latinis
329 365 394 427 talis
422 366 545 428 oratoris
573 367 763 428 simulacrum
791 367 918 446 reperire
945 372 1118 445 possemus!

124 466 211 524 Esset
225 464 374 542 egregium
392 484 454 525 non
473 484 613 542 quaerere
632 474 759 538 externa,
776 464 948 526 domesticis
967 485 1032 525 esse
1050 485 1120 526 con-

122 573 228 621 tentos.
271 563 332 623 Sed
352 582 409 640 ego
429 562 521 637 idem,
540 562 592 640 qui
613 562 644 622 in
665 562 717 623 illo
733 582 870 624 sermone
888 570 989 623 nostro
1003 561 1055 640 qui
1075 575 1120 624 est
1134 572 1165 624 ’ὃ

122 659 273 736 expositus
294 659 325 719 in
348 662 441 721 Bruto
468 662 594 720 multum
620 659 771 720 tribuerim
794 659 915 732 latinis,
933 660 980 719 vel
1001 670 1035 718 ut
1055 661 1121 720 hor-

93 782 108 830 5
123 766 198 816 tarer
211 756 285 816 alios
299 758 346 817 vel
361 758 444 834 quod
461 775 592 817 amarem
610 776 702 829 meos,
718 759 858 818 recordor
873 758 962 833 longe
980 757 1121 817 omnibus

122 873 215 913 unum
237 873 280 912 me
300 855 445 914 anteferre
467 855 713 927 Demosthenem,
734 873 824 930 quem
844 852 932 912 velim
952 872 1122 914 accommo-

121 951 192 1011 dare
205 951 245 1010 ad
259 971 326 1011 eam
341 970 431 1028 quarn
447 950 573 1010 sentiam
588 950 799 1028 eloquentiam,
814 970 876 1010 non
890 951 930 1009 ad
948 969 1014 1009 eam
1029 969 1120 1027 quarn

120 1047 152 1107 in
173 1047 275 1125 aliquo
296 1048 361 1125 ipse
381 1047 580 1126 cognoverim.
626 1051 697 1108 Hoc
718 1068 774 1108 nec
789 1046 904 1125 gravior
918 1046 1029 1107 exstitit
1043 1046 1121 1125 quis

121 1165 211 1223 quam
226 1165 283 1205 nec
296 1145 431 1206 callidior
444 1166 501 1206 nec
515 1145 712 1224 temperatior.
754 1146 861 1222 Itaque
875 1144 962 1204 nobis
976 1143 1120 1205 monendi

78 1263 109 1300 ro
120 1254 190 1302 sunt
214 1242 241 1302 ei
266 1263 392 1320 quorum
416 1262 513 1303 sermo
537 1242 691 1320 imperitus
715 1241 884 1314 increbruit,
908 1241 968 1318 qui,
986 1232 1038 1301 aut
1060 1241 1120 1302 dici

118 1360 153 1420 vse
180 1340 350 1401 desiderant
377 1339 495 1400 Atticos
522 1351 574 1400 aut
602 1339 658 1418 ipsi
685 1338 786 1400 Attice
813 1340 918 1399 volunt
950 1337 1057 1411 dicere,
1087 1349 1121 1398 ut

121 1437 264 1498 mirentur
290 1439 373 1497 hunc
401 1436 537 1510 maxime,
566 1456 628 1514 quo
656 1457 694 1497 ne
722 1438 856 1496 Athenas
887 1435 1010 1512 quidem
1040 1435 1120 1513 ipsas

120 1533 214 1611 magis
231 1536 322 1594 credo
341 1533 432 1594 fuisse
451 1532 566 1593 Atticas
576 1555 584 1608 ;
605 1532 679 1611 quid
696 1532 776 1594 enim
796 1533 833 1593 sit
852 1531 986 1592 Atticum
1003 1531 1121 1592 discant

121 1631 385 1709 eloquentiamque
398 1630 492 1709 ipsius
505 1629 625 1704 viribus,
638 1651 700 1691 non
714 1629 917 1691 imbecillitate
930 1649 984 1688 sua
998 1628 1121 1689 metian-

77 1748 107 1798 ¹5
121 1740 174 1789 tur.
218 1731 310 1788 Nunc
323 1728 403 1788 enirn
422 1739 538 1788 tantum
560 1727 687 1805 quisque
705 1729 806 1788 laudat
820 1738 965 1805 quantum
985 1746 1017 1786 se
1031 1745 1119 1803 posse
1134 1735 1166 1785 ²4

121 1837 218 1904 sperat
232 1824 347 1886 imitari.
391 1827 451 1886 Sed
466 1835 566 1885 tamen
581 1845 633 1886 eos
647 1825 747 1886 studio
761 1824 876 1902 optimo
895 1823 1006 1885 iudicio
1021 1823 1120 1884 minus

121 1924 208 1983 firmo
222 1922 372 2000 praeditos
387 1924 495 1983 docere
514 1922 643 2000 quaesit
660 1923 779 2001 propria
797 1925 861 1983 laus
875 1921 1043 1982 Atticorum
1058 1941 1133 1987 non,

119 2020 249 2081 alienum
265 2031 346 2098 puto.
1030 2073 1032 2076 Α

162 2119 285 2195 Semper
299 2129 448 2178 oratorum
469 2118 658 2196 eloquentiae
677 2117 856 2179 moderatrix
874 2117 930 2177 tuit
949 2111 1153 2176 auditorum8

77 2247 108 2283 20
121 2214 288 2293 prudentia.
333 2217 448 2277 Omnes
476 2215 557 2275 enim
581 2215 633 2293 qui
661 2215 779 2293 probari
807 2216 911 2274 volunt
936 2215 1120 2274 voluntatem

120 2333 223 2373 eorum
238 2311 290 2390 qui
309 2312 436 2372 audiunt
454 2312 606 2373 intuentur
621 2315 662 2374 ad
678 2332 805 2391 eamque
819 2323 849 2373 et
866 2312 906 2371 ad
924 2330 1027 2371 eorum
1039 2308 1121 2393 arbi·

120 2410 208 2470 trium
227 2422 257 2471 et
276 2421 383 2470 nutum
402 2421 482 2470 totos
501 2430 533 2471 se
550 2412 665 2489 fingunt
682 2423 712 2472 et
730 2411 969 2471 accommodant.
1014 2407 1121 2485 Itaque
1135 2426 1166 2476 πε

121 2507 209 2570 Caria
223 2518 253 2568 et
268 2507 395 2585 Phrygia
409 2519 439 2569 et
454 2507 560 2585 Mysia,
576 2510 659 2586 quod
675 2507 798 2568 minime
812 2505 922 2584 politae
937 2505 1120 2582 minimeque

120 2607 269 2682 elegantes
300 2616 379 2680 sunt,
406 2604 574 2666 asciverunt
604 2616 708 2684 aptum
741 2605 802 2665 suis
833 2603 954 2664 auribus
985 2603 1120 2680 opimum

77 2729 105 2778 25
119 2704 273 2779 quoddam
288 2713 318 2762 et
332 2713 485 2780 tamquam
499 2703 638 2787 adipatae
647 2701 787 2763 dictionis
798 2721 901 2779 genus,
916 2702 1000 2778 quod
1015 2721 1120 2761 eorum

119 2799 209 2859 vicini
227 2799 348 2859 nonita
366 2801 426 2860 lato
441 2798 596 2872 interiecto
611 2799 685 2859 mari
703 2799 817 2860 Rhodii
836 2796 1002 2875 numquam
1017 2798 1121 2873 proba·

119 2906 224 2957 verunt
253 2894 392 2978 [Graecia
417 2906 517 2958 autem
551 2900 645 2958 multo
673 2895 794 2978 minus],
823 2894 1024 2956 Athenienses
1050 2915 1120 2956 vero

151 3055 226 3101 6me
245 3050 305 3100 add.
324 3049 431 3101 Schenkl
501 3065 576 3112 quem
593 3052 670 3098 velim
686 3050 791 3113 Mahly:
815 3050 922 3111 eiusque
940 3048 990 3096 vim
1009 3045 1120 3110 Stangl:

120 3117 247 3179 huiusque
267 3117 317 3166 vim
338 3116 499 3180 Heerdegen:
525 3131 636 3178 eumque
659 3130 739 3163 unum
760 3114 877 3177 Sauppe:
904 3129 956 3175 que
978 3113 1029 3160 vim
1052 3113 1121 3164 FO:

119 3198 195 3245 quem
213 3182 264 3230 vim
284 3180 340 3231 PM
541 3194 554 3240 7
572 3181 680 3229 sentiam
700 3179 738 3230 L:
763 3180 848 3228 sentio
869 3178 961 3238 maluit
977 3177 1120 3242 Heerdegen

122 3247 218 3297 radici
241 3262 270 3295 se
288 3248 333 3295 L:
362 3246 452 3295 odiose
473 3244 511 3294 vel
531 3246 656 3294 invidiose
679 3243 787 3309 Madvig
914 3258 941 3291 11
961 3243 1011 3306 ipsi
1033 3244 1120 3293 Attice

119 3313 208 3362 volunt
230 3309 270 3360 L:
299 3311 349 3360 nisi
375 3311 462 3360 Attice
486 3311 577 3359 nolunt
601 3311 670 3360 Bake
856 3323 908 3358 ⁴ra
925 3324 958 3357 ne
976 3306 1033 3357 add.
1052 3308 1119 3362 codd.

120 3377 175 3427 dete.
270 3391 300 3439 14
318 3375 451 3439 ipsiusL:
469 3376 536 3425 illius
546 3375 616 3424 Bake
626 3392 684 3424 cnm
696 3375 763 3424 codd.
775 3374 832 3423 dell.
919 3389 949 3422 ar
967 3374 999 3423 ad
1012 3388 1120 3436 eamque

119 3444 171 3491 secl.
191 3441 261 3490 Bake
358 3456 390 3503 23
413 3441 510 3503 politae
524 3438 578 3490 Fls
601 3442 680 3503 polite
696 3439 721 3488 L
818 3453 850 3501 25
867 3439 984 3501 adipatae
1003 3436 1121 3488 Nenens:

120 3507 223 3570 adipate
246 3506 286 3556 L:
313 3507 445 3570 adipatum
467 3506 609 3555 Lambinus
713 3521 743 3567 27
762 3504 895 3555 Graecia.
913 3537 919 3552 .
937 3503 1046 3554 .minus
1068 3503 1120 3554 secl.

122 3572 238 3638 Sauppe:
255 3572 347 3622 Graeci
359 3572 427 3636 vulg.
