<?xml version="1.0" encoding="UTF-8"?>
<!DOCTYPE html PUBLIC "-//W3C//DTD XHTML 1.0 Transitional//EN"
    "http://www.w3.org/TR/xhtml1/DTD/xhtml1-transitional.dtd">
<html xmlns="http://www.w3.org/1999/xhtml" xml:lang="en" lang="en">
 <head>
  <title>
</title>
<meta http-equiv="Content-Type" content="text/html;charset=utf-8" />
  <meta name='ocr-system' content='tesseract 3.04.00' />
  <meta name='ocr-capabilities' content='ocr_page ocr_carea ocr_par ocr_line ocrx_word'/>
</head>
<body>
  <div class='ocr_page' id='page_1' title='image "./mtvlliciceronis00wilkgoog_0275.png"; bbox 0 0 2588 4178; ppageno 0'>
   <div class='ocr_carea' id='block_1_1' title="bbox 566 209 1189 307">
    <p class='ocr_par' dir='ltr' id='par_1_1' title="bbox 566 209 1189 307">
     <span class='ocr_line' id='line_1_1' title="bbox 566 209 1189 307; baseline -0.005 -38"><span class='ocrx_word' id='word_1_1' title='bbox 566 209 725 271; x_wconf 91' lang='lat' dir='ltr'>TOPICA</span> <span class='ocrx_word' id='word_1_2' title='bbox 1077 301 1080 307; x_wconf 16' lang='grc' dir='ltr'><strong><em>Δ</em></strong></span> <span class='ocrx_word' id='word_1_3' title='bbox 1104 221 1143 267; x_wconf 71' lang='lat'><strong>22</strong></span> <span class='ocrx_word' id='word_1_4' title='bbox 1155 218 1189 279; x_wconf 80' lang='lat'><strong>83</strong></span> 
     </span>
    </p>
   </div>
   <div class='ocr_carea' id='block_1_2' title="bbox 94 370 1187 1434">
    <p class='ocr_par' dir='ltr' id='par_1_2' title="bbox 94 370 1187 1434">
     <span class='ocr_line' id='line_1_2' title="bbox 140 370 1142 455; baseline 0.001 -22"><span class='ocrx_word' id='word_1_5' title='bbox 140 373 259 451; x_wconf 91' lang='lat' dir='ltr'><strong>partitio</strong></span> <span class='ocrx_word' id='word_1_6' title='bbox 273 423 275 426; x_wconf 55' lang='grc'>,</span> <span class='ocrx_word' id='word_1_7' title='bbox 288 370 377 455; x_wconf 88' lang='lat' dir='ltr'><strong>[sic]:</strong></span> <span class='ocrx_word' id='word_1_8' title='bbox 411 373 506 434; x_wconf 90' lang='lat' dir='ltr'><strong>triane</strong></span> <span class='ocrx_word' id='word_1_9' title='bbox 534 392 643 450; x_wconf 90' lang='lat' dir='ltr'><strong>genera</strong></span> <span class='ocrx_word' id='word_1_10' title='bbox 669 373 819 434; x_wconf 90' lang='lat' dir='ltr'><strong>bonorum</strong></span> <span class='ocrx_word' id='word_1_11' title='bbox 847 372 913 433; x_wconf 91' lang='lat' dir='ltr'><strong>sint.</strong></span> <span class='ocrx_word' id='word_1_12' title='bbox 962 373 1142 451; x_wconf 90' lang='lat' dir='ltr'><strong>Descriptio,</strong></span> 
     </span>
     <span class='ocr_line' id='line_1_3' title="bbox 140 469 1141 549; baseline 0.001 -18"><span class='ocrx_word' id='word_1_13' title='bbox 140 472 236 549; x_wconf 90' lang='lat' dir='ltr'><strong>qualis</strong></span> <span class='ocrx_word' id='word_1_14' title='bbox 265 472 302 532; x_wconf 92' lang='lat' dir='ltr'><strong>sit</strong></span> <span class='ocrx_word' id='word_1_15' title='bbox 329 492 443 545; x_wconf 89' lang='lat' dir='ltr'><strong>avarus,</strong></span> <span class='ocrx_word' id='word_1_16' title='bbox 478 469 574 549; x_wconf 92' lang='lat' dir='ltr'><strong>qualis</strong></span> <span class='ocrx_word' id='word_1_17' title='bbox 608 473 782 532; x_wconf 85' lang='lat' dir='ltr'><strong>adsentator</strong></span> <span class='ocrx_word' id='word_1_18' title='bbox 815 482 973 548; x_wconf 87' lang='lat' dir='ltr'><strong>ceteraque</strong></span> <span class='ocrx_word' id='word_1_19' title='bbox 1006 470 1141 533; x_wconf 90' lang='lat' dir='ltr'><strong>eiusdem</strong></span> 
     </span>
     <span class='ocr_line' id='line_1_4' title="bbox 139 568 1187 653; baseline 0.002 -23"><span class='ocrx_word' id='word_1_20' title='bbox 139 569 265 646; x_wconf 89' lang='lat' dir='ltr'><strong>generis,</strong></span> <span class='ocrx_word' id='word_1_21' title='bbox 293 570 324 629; x_wconf 94' lang='lat' dir='ltr'><strong>in</strong></span> <span class='ocrx_word' id='word_1_22' title='bbox 352 570 462 648; x_wconf 91' lang='lat' dir='ltr'><strong>quibus</strong></span> <span class='ocrx_word' id='word_1_23' title='bbox 490 582 520 631; x_wconf 89' lang='lat' dir='ltr'><strong>et</strong></span> <span class='ocrx_word' id='word_1_24' title='bbox 547 580 653 630; x_wconf 89' lang='lat' dir='ltr'><strong>natura</strong></span> <span class='ocrx_word' id='word_1_25' title='bbox 680 581 710 653; x_wconf 82' lang='lat' dir='ltr'><strong>et</strong></span> <span class='ocrx_word' id='word_1_26' title='bbox 737 568 797 630; x_wconf 81' lang='lat' dir='ltr'><strong>vita</strong></span> <span class='ocrx_word' id='word_1_27' title='bbox 825 569 1009 631; x_wconf 86' lang='lat' dir='ltr'><strong>describitur.</strong></span> <span class='ocrx_word' id='word_1_28' title='bbox 1061 571 1140 632; x_wconf 91' lang='lat' dir='ltr'><strong>Cum</strong></span> <span class='ocrx_word' id='word_1_29' title='bbox 1155 576 1187 640; x_wconf 80' lang='lat'><strong>84</strong></span> 
     </span>
     <span class='ocr_line' id='line_1_5' title="bbox 139 667 1142 748; baseline 0 -20"><span class='ocrx_word' id='word_1_30' title='bbox 139 681 240 728; x_wconf 89' lang='lat' dir='ltr'><strong>autem</strong></span> <span class='ocrx_word' id='word_1_31' title='bbox 264 668 414 746; x_wconf 90' lang='lat' dir='ltr'><strong>quaeritur</strong></span> <span class='ocrx_word' id='word_1_32' title='bbox 437 671 526 746; x_wconf 87' lang='lat' dir='ltr'><strong>quale</strong></span> <span class='ocrx_word' id='word_1_33' title='bbox 550 668 624 748; x_wconf 94' lang='lat' dir='ltr'><strong>quid</strong></span> <span class='ocrx_word' id='word_1_34' title='bbox 647 668 693 742; x_wconf 88' lang='lat' dir='ltr'><strong>sit,</strong></span> <span class='ocrx_word' id='word_1_35' title='bbox 719 681 771 729; x_wconf 91' lang='lat' dir='ltr'><strong>aut</strong></span> <span class='ocrx_word' id='word_1_36' title='bbox 795 667 968 747; x_wconf 91' lang='lat' dir='ltr'><strong>simpliciter</strong></span> <span class='ocrx_word' id='word_1_37' title='bbox 992 667 1142 746; x_wconf 84' lang='lat' dir='ltr'><strong>quaeritur</strong></span> 
     </span>
     <span class='ocr_line' id='line_1_6' title="bbox 110 765 1142 846; baseline -0.001 -19"><span class='ocrx_word' id='word_1_38' title='bbox 110 780 190 836; x_wconf 86' lang='lat' dir='ltr'><strong>5aut</strong></span> <span class='ocrx_word' id='word_1_39' title='bbox 209 778 398 845; x_wconf 80' lang='lat' dir='ltr'><strong>comparate3</strong></span> <span class='ocrx_word' id='word_1_40' title='bbox 421 766 610 846; x_wconf 76' lang='lat' dir='ltr'><strong>simpliciter:</strong></span> <span class='ocrx_word' id='word_1_41' title='bbox 637 769 852 845; x_wconf 86' lang='lat' dir='ltr'><strong>Expetendane</strong></span> <span class='ocrx_word' id='word_1_42' title='bbox 872 766 909 827; x_wconf 93' lang='lat' dir='ltr'><strong>sit</strong></span> <span class='ocrx_word' id='word_1_43' title='bbox 927 765 1020 844; x_wconf 89' lang='lat' dir='ltr'><strong>gloria</strong></span> <span class='ocrx_word' id='word_1_44' title='bbox 1030 789 1039 841; x_wconf 90' lang='lat'>;</span> <span class='ocrx_word' id='word_1_45' title='bbox 1062 786 1142 828; x_wconf 92' lang='lat' dir='ltr'><strong>com-</strong></span> 
     </span>
     <span class='ocr_line' id='line_1_7' title="bbox 139 863 1141 943; baseline 0.002 -19"><span class='ocrx_word' id='word_1_46' title='bbox 139 877 257 942; x_wconf 88' lang='lat' dir='ltr'><strong>parate:</strong></span> <span class='ocrx_word' id='word_1_47' title='bbox 280 867 536 943; x_wconf 85' lang='lat' dir='ltr'><strong>Praeponendane</strong></span> <span class='ocrx_word' id='word_1_48' title='bbox 554 864 592 925; x_wconf 90' lang='lat' dir='ltr'><strong>sit</strong></span> <span class='ocrx_word' id='word_1_49' title='bbox 608 863 718 926; x_wconf 88' lang='lat' dir='ltr'><strong>divitiis</strong></span> <span class='ocrx_word' id='word_1_50' title='bbox 737 864 837 943; x_wconf 87' lang='lat' dir='ltr'><strong>gloria.</strong></span> <span class='ocrx_word' id='word_1_51' title='bbox 880 864 1067 943; x_wconf 90' lang='lat' dir='ltr'>Simplicium</span> <span class='ocrx_word' id='word_1_52' title='bbox 1087 866 1141 926; x_wconf 88' lang='lat' dir='ltr'><strong>tria</strong></span> 
     </span>
     <span class='ocr_line' id='line_1_8' title="bbox 138 949 1138 1042; baseline 0.001 -18"><span class='ocrx_word' id='word_1_53' title='bbox 138 984 247 1040; x_wconf 87' lang='lat' dir='ltr'><strong>genera</strong></span> <span class='ocrx_word' id='word_1_54' title='bbox 260 977 347 1025; x_wconf 91' lang='lat' dir='ltr'><strong>sunt:</strong></span> <span class='ocrx_word' id='word_1_55' title='bbox 369 966 408 1024; x_wconf 94' lang='lat' dir='ltr'><strong>de</strong></span> <span class='ocrx_word' id='word_1_56' title='bbox 418 965 586 1041; x_wconf 90' lang='lat' dir='ltr'><strong>expetendo</strong></span> <span class='ocrx_word' id='word_1_57' title='bbox 597 949 811 1041; x_wconf 82' lang='lat' dir='ltr'><strong>fugiendoque,</strong></span> <span class='ocrx_word' id='word_1_58' title='bbox 821 965 860 1024; x_wconf 90' lang='lat' dir='ltr'><strong>de</strong></span> <span class='ocrx_word' id='word_1_59' title='bbox 869 984 968 1042; x_wconf 90' lang='lat' dir='ltr'><strong>aequo</strong></span> <span class='ocrx_word' id='word_1_60' title='bbox 983 974 1012 1024; x_wconf 89' lang='lat' dir='ltr'><strong>et</strong></span> <span class='ocrx_word' id='word_1_61' title='bbox 1026 963 1138 1042; x_wconf 93' lang='lat' dir='ltr'><strong>iniquo,</strong></span> 
     </span>
     <span class='ocr_line' id='line_1_9' title="bbox 138 1060 1140 1142; baseline 0 -20"><span class='ocrx_word' id='word_1_62' title='bbox 138 1063 177 1122; x_wconf 91' lang='lat' dir='ltr'><strong>de</strong></span> <span class='ocrx_word' id='word_1_63' title='bbox 199 1064 327 1123; x_wconf 91' lang='lat' dir='ltr'><strong>honesto</strong></span> <span class='ocrx_word' id='word_1_64' title='bbox 347 1073 377 1122; x_wconf 91' lang='lat' dir='ltr'><strong>et</strong></span> <span class='ocrx_word' id='word_1_65' title='bbox 398 1061 485 1140; x_wconf 83' lang='lat' dir='ltr'><strong>turpi.</strong></span> <span class='ocrx_word' id='word_1_66' title='bbox 527 1060 794 1139; x_wconf 90' lang='lat' dir='ltr'><strong>Comparationum</strong></span> <span class='ocrx_word' id='word_1_67' title='bbox 815 1072 916 1122; x_wconf 90' lang='lat' dir='ltr'><strong>autem</strong></span> <span class='ocrx_word' id='word_1_68' title='bbox 938 1063 1017 1142; x_wconf 89' lang='lat' dir='ltr'><strong>duo:</strong></span> <span class='ocrx_word' id='word_1_69' title='bbox 1045 1082 1140 1122; x_wconf 91' lang='lat' dir='ltr'><strong>unum</strong></span> 
     </span>
     <span class='ocr_line' id='line_1_10' title="bbox 139 1158 1141 1233; baseline 0 -14"><span class='ocrx_word' id='word_1_70' title='bbox 139 1160 178 1219; x_wconf 94' lang='lat' dir='ltr'><strong>de</strong></span> <span class='ocrx_word' id='word_1_71' title='bbox 199 1162 307 1220; x_wconf 94' lang='lat' dir='ltr'><strong>eodem</strong></span> <span class='ocrx_word' id='word_1_72' title='bbox 329 1171 358 1220; x_wconf 93' lang='lat' dir='ltr'><strong>et</strong></span> <span class='ocrx_word' id='word_1_73' title='bbox 379 1159 446 1233; x_wconf 87' lang='lat' dir='ltr'><strong>alio,</strong></span> <span class='ocrx_word' id='word_1_74' title='bbox 469 1161 594 1219; x_wconf 93' lang='lat' dir='ltr'><strong>alterum</strong></span> <span class='ocrx_word' id='word_1_75' title='bbox 616 1160 655 1218; x_wconf 96' lang='lat' dir='ltr'><strong>de</strong></span> <span class='ocrx_word' id='word_1_76' title='bbox 677 1158 788 1221; x_wconf 90' lang='lat' dir='ltr'><strong>maiore</strong></span> <span class='ocrx_word' id='word_1_77' title='bbox 809 1171 840 1221; x_wconf 91' lang='lat' dir='ltr'><strong>et</strong></span> <span class='ocrx_word' id='word_1_78' title='bbox 861 1158 983 1220; x_wconf 89' lang='lat' dir='ltr'><strong>minore.</strong></span> <span class='ocrx_word' id='word_1_79' title='bbox 1010 1162 1077 1227; x_wconf 40' lang='lat' dir='ltr'><strong>,De</strong></span> <span class='ocrx_word' id='word_1_80' title='bbox 1095 1180 1141 1220; x_wconf 86' lang='lat' dir='ltr'><strong>ex-</strong></span> 
     </span>
     <span class='ocr_line' id='line_1_11' title="bbox 94 1255 1139 1335; baseline 0.003 -20"><span class='ocrx_word' id='word_1_81' title='bbox 94 1281 125 1316; x_wconf 89' lang='lat'><strong>10</strong></span> <span class='ocrx_word' id='word_1_82' title='bbox 139 1260 271 1334; x_wconf 91' lang='lat' dir='ltr'><strong>petendo</strong></span> <span class='ocrx_word' id='word_1_83' title='bbox 292 1270 321 1317; x_wconf 92' lang='lat' dir='ltr'><strong>et</strong></span> <span class='ocrx_word' id='word_1_84' title='bbox 342 1257 485 1335; x_wconf 89' lang='lat' dir='ltr'><strong>fugiendo</strong></span> <span class='ocrx_word' id='word_1_85' title='bbox 505 1256 593 1317; x_wconf 93' lang='lat' dir='ltr'><strong>huius</strong></span> <span class='ocrx_word' id='word_1_86' title='bbox 616 1257 716 1317; x_wconf 90' lang='lat' dir='ltr'><strong>modi:</strong></span> <span class='ocrx_word' id='word_1_87' title='bbox 751 1255 783 1317; x_wconf 93' lang='lat' dir='ltr'><strong>Si</strong></span> <span class='ocrx_word' id='word_1_88' title='bbox 804 1258 989 1335; x_wconf 86' lang='lat' dir='ltr'><strong>expetendae</strong></span> <span class='ocrx_word' id='word_1_89' title='bbox 1010 1256 1139 1330; x_wconf 87' lang='lat' dir='ltr'><strong>divitiae,</strong></span> 
     </span>
     <span class='ocr_line' id='line_1_12' title="bbox 138 1353 1140 1434; baseline 0.002 -21"><span class='ocrx_word' id='word_1_90' title='bbox 138 1353 163 1414; x_wconf 96' lang='lat' dir='ltr'><strong>si</strong></span> <span class='ocrx_word' id='word_1_91' title='bbox 187 1354 328 1433; x_wconf 88' lang='lat' dir='ltr'><strong>fugienda</strong></span> <span class='ocrx_word' id='word_1_92' title='bbox 351 1367 517 1434; x_wconf 89' lang='lat' dir='ltr'><strong>paupertas.</strong></span> <span class='ocrx_word' id='word_1_93' title='bbox 562 1357 610 1423; x_wconf 86' lang='lat' dir='ltr'><strong>De</strong></span> <span class='ocrx_word' id='word_1_94' title='bbox 633 1374 731 1431; x_wconf 90' lang='lat' dir='ltr'><strong>aequo</strong></span> <span class='ocrx_word' id='word_1_95' title='bbox 756 1367 786 1415; x_wconf 91' lang='lat' dir='ltr'><strong>et</strong></span> <span class='ocrx_word' id='word_1_96' title='bbox 810 1353 932 1432; x_wconf 91' lang='lat' dir='ltr'><strong>iniquo:</strong></span> <span class='ocrx_word' id='word_1_97' title='bbox 960 1358 1140 1432; x_wconf 91' lang='lat' dir='ltr'><strong>Aequumne</strong></span> 
     </span>
    </p>
   </div>
   <div class='ocr_carea' id='block_1_3' title="bbox 137 1451 1229 1530">
    <p class='ocr_par' dir='ltr' id='par_1_3' title="bbox 137 1451 1229 1530">
     <span class='ocr_line' id='line_1_13' title="bbox 137 1451 1229 1530; baseline 0.001 -18"><span class='ocrx_word' id='word_1_98' title='bbox 137 1452 175 1513; x_wconf 93' lang='lat' dir='ltr'><strong>sit</strong></span> <span class='ocrx_word' id='word_1_99' title='bbox 199 1452 302 1513; x_wconf 92' lang='lat' dir='ltr'><strong>ulcisci</strong></span> <span class='ocrx_word' id='word_1_100' title='bbox 322 1473 340 1513; x_wconf 99' lang='lat' dir='ltr'><strong>a</strong></span> <span class='ocrx_word' id='word_1_101' title='bbox 361 1472 553 1530; x_wconf 90' lang='lat' dir='ltr'><strong>quocumque</strong></span> <span class='ocrx_word' id='word_1_102' title='bbox 574 1451 711 1513; x_wconf 91' lang='lat' dir='ltr'><strong>iniuriam</strong></span> <span class='ocrx_word' id='word_1_103' title='bbox 736 1452 894 1530; x_wconf 89' lang='lat' dir='ltr'><strong>acceperis.</strong></span> <span class='ocrx_word' id='word_1_104' title='bbox 939 1455 988 1513; x_wconf 93' lang='lat' dir='ltr'><strong>De</strong></span> <span class='ocrx_word' id='word_1_105' title='bbox 1011 1453 1139 1514; x_wconf 90' lang='lat' dir='ltr'><strong>honesto</strong></span> <span class='ocrx_word' id='word_1_106' title='bbox 1228 1525 1229 1529; x_wconf 6' lang='grc' dir='ltr'><strong>Ἰ</strong></span> 
     </span>
    </p>
   </div>
   <div class='ocr_carea' id='block_1_4' title="bbox 81 1550 1185 3484">
    <p class='ocr_par' dir='ltr' id='par_1_4' title="bbox 137 1550 1184 1630">
     <span class='ocr_line' id='line_1_14' title="bbox 137 1550 1184 1630; baseline -0.004 -20"><span class='ocrx_word' id='word_1_107' title='bbox 137 1562 167 1610; x_wconf 89' lang='lat' dir='ltr'><strong>et</strong></span> <span class='ocrx_word' id='word_1_108' title='bbox 195 1552 290 1629; x_wconf 89' lang='lat' dir='ltr'><strong>turpi:</strong></span> <span class='ocrx_word' id='word_1_109' title='bbox 326 1554 539 1612; x_wconf 91' lang='lat' dir='ltr'><strong>Honestumne</strong></span> <span class='ocrx_word' id='word_1_110' title='bbox 567 1550 604 1612; x_wconf 92' lang='lat' dir='ltr'><strong>sit</strong></span> <span class='ocrx_word' id='word_1_111' title='bbox 632 1571 686 1630; x_wconf 93' lang='lat' dir='ltr'><strong>pro</strong></span> <span class='ocrx_word' id='word_1_112' title='bbox 714 1550 808 1628; x_wconf 90' lang='lat' dir='ltr'><strong>patria</strong></span> <span class='ocrx_word' id='word_1_113' title='bbox 835 1551 933 1612; x_wconf 83' lang='lat' dir='ltr'><strong>mori?</strong></span> <span class='ocrx_word' id='word_1_114' title='bbox 974 1553 1020 1610; x_wconf 91' lang='lat' dir='ltr'><strong>Ex</strong></span> <span class='ocrx_word' id='word_1_115' title='bbox 1047 1553 1139 1612; x_wconf 91' lang='lat' dir='ltr'><strong>altero</strong></span> <span class='ocrx_word' id='word_1_116' title='bbox 1153 1558 1184 1622; x_wconf 85' lang='lat'><strong>85</strong></span> 
     </span>
    </p>

    <p class='ocr_par' dir='ltr' id='par_1_5' title="bbox 94 1648 1139 1827">
     <span class='ocr_line' id='line_1_15' title="bbox 137 1648 1139 1728; baseline 0.001 -20"><span class='ocrx_word' id='word_1_117' title='bbox 137 1660 238 1709; x_wconf 90' lang='lat' dir='ltr'><strong>autem</strong></span> <span class='ocrx_word' id='word_1_118' title='bbox 259 1670 374 1727; x_wconf 85' lang='lat' dir='ltr'><strong>genere,</strong></span> <span class='ocrx_word' id='word_1_119' title='bbox 397 1652 480 1728; x_wconf 94' lang='lat' dir='ltr'><strong>quod</strong></span> <span class='ocrx_word' id='word_1_120' title='bbox 501 1660 563 1710; x_wconf 92' lang='lat' dir='ltr'><strong>erat</strong></span> <span class='ocrx_word' id='word_1_121' title='bbox 584 1648 768 1727; x_wconf 90' lang='lat' dir='ltr'><strong>bipertitum,</strong></span> <span class='ocrx_word' id='word_1_122' title='bbox 789 1669 883 1708; x_wconf 90' lang='lat' dir='ltr'><strong>unum</strong></span> <span class='ocrx_word' id='word_1_123' title='bbox 905 1661 950 1710; x_wconf 88' lang='lat' dir='ltr'><strong>est</strong></span> <span class='ocrx_word' id='word_1_124' title='bbox 971 1650 1010 1710; x_wconf 90' lang='lat' dir='ltr'><strong>de</strong></span> <span class='ocrx_word' id='word_1_125' title='bbox 1030 1651 1139 1709; x_wconf 91' lang='lat' dir='ltr'><strong>eodem</strong></span> 
     </span>
     <span class='ocr_line' id='line_1_16' title="bbox 94 1746 1138 1827; baseline -0.004 -16"><span class='ocrx_word' id='word_1_126' title='bbox 94 1775 124 1826; x_wconf 82' lang='lat'><strong>¹5</strong></span> <span class='ocrx_word' id='word_1_127' title='bbox 138 1759 169 1807; x_wconf 91' lang='lat' dir='ltr'><strong>et</strong></span> <span class='ocrx_word' id='word_1_128' title='bbox 181 1747 258 1808; x_wconf 91' lang='lat' dir='ltr'><strong>alio:</strong></span> <span class='ocrx_word' id='word_1_129' title='bbox 281 1748 363 1824; x_wconf 88' lang='lat' dir='ltr'><strong>Quid</strong></span> <span class='ocrx_word' id='word_1_130' title='bbox 382 1747 496 1808; x_wconf 89' lang='lat' dir='ltr'><strong>intersit</strong></span> <span class='ocrx_word' id='word_1_131' title='bbox 515 1748 591 1808; x_wconf 92' lang='lat' dir='ltr'><strong>inter</strong></span> <span class='ocrx_word' id='word_1_132' title='bbox 605 1746 736 1808; x_wconf 91' lang='lat' dir='ltr'><strong>amicum</strong></span> <span class='ocrx_word' id='word_1_133' title='bbox 750 1758 780 1807; x_wconf 92' lang='lat' dir='ltr'><strong>et</strong></span> <span class='ocrx_word' id='word_1_134' title='bbox 793 1748 1022 1821; x_wconf 87' lang='lat' dir='ltr'><strong>adsentatorem‚</strong></span> <span class='ocrx_word' id='word_1_135' title='bbox 1039 1767 1138 1827; x_wconf 88' lang='lat' dir='ltr'><strong>regem</strong></span> 
     </span>
    </p>

    <p class='ocr_par' dir='ltr' id='par_1_6' title="bbox 138 1844 1139 1929">
     <span class='ocr_line' id='line_1_17' title="bbox 138 1844 1139 1929; baseline -0.001 -23"><span class='ocrx_word' id='word_1_136' title='bbox 138 1856 168 1929; x_wconf 80' lang='lat' dir='ltr'><strong>et</strong></span> <span class='ocrx_word' id='word_1_137' title='bbox 186 1858 363 1922; x_wconf 88' lang='lat' dir='ltr'><strong>tyrannum;</strong></span> <span class='ocrx_word' id='word_1_138' title='bbox 382 1849 507 1906; x_wconf 89' lang='lat' dir='ltr'><strong>alterum</strong></span> <span class='ocrx_word' id='word_1_139' title='bbox 522 1847 560 1906; x_wconf 95' lang='lat' dir='ltr'><strong>de</strong></span> <span class='ocrx_word' id='word_1_140' title='bbox 575 1845 688 1906; x_wconf 90' lang='lat' dir='ltr'><strong>maiore</strong></span> <span class='ocrx_word' id='word_1_141' title='bbox 703 1857 733 1905; x_wconf 91' lang='lat' dir='ltr'><strong>et</strong></span> <span class='ocrx_word' id='word_1_142' title='bbox 747 1844 870 1918; x_wconf 90' lang='lat' dir='ltr'><strong>minore,</strong></span> <span class='ocrx_word' id='word_1_143' title='bbox 886 1856 919 1906; x_wconf 94' lang='lat' dir='ltr'><strong>ut</strong></span> <span class='ocrx_word' id='word_1_144' title='bbox 939 1845 963 1905; x_wconf 94' lang='lat' dir='ltr'><strong>si</strong></span> <span class='ocrx_word' id='word_1_145' title='bbox 983 1858 1139 1924; x_wconf 90' lang='lat' dir='ltr'><strong>quaeratur</strong></span> 
     </span>
    </p>

    <p class='ocr_par' dir='ltr' id='par_1_7' title="bbox 137 1942 1139 2029">
     <span class='ocr_line' id='line_1_18' title="bbox 137 1942 1139 2029; baseline 0 -26"><span class='ocrx_word' id='word_1_146' title='bbox 137 1943 347 2029; x_wconf 84' lang='lat' dir='ltr'><strong>eloquentiane</strong></span> <span class='ocrx_word' id='word_1_147' title='bbox 369 1944 460 2022; x_wconf 93' lang='lat' dir='ltr'><strong>pluris</strong></span> <span class='ocrx_word' id='word_1_148' title='bbox 480 1945 517 2005; x_wconf 89' lang='lat' dir='ltr'><strong>sit</strong></span> <span class='ocrx_word' id='word_1_149' title='bbox 535 1965 574 2004; x_wconf 92' lang='lat' dir='ltr'><strong>an</strong></span> <span class='ocrx_word' id='word_1_150' title='bbox 593 1943 664 2003; x_wconf 90' lang='lat' dir='ltr'><strong>iuris</strong></span> <span class='ocrx_word' id='word_1_151' title='bbox 684 1943 778 2003; x_wconf 92' lang='lat' dir='ltr'><strong>civilis</strong></span> <span class='ocrx_word' id='word_1_152' title='bbox 797 1942 928 2004; x_wconf 91' lang='lat' dir='ltr'><strong>scientia.</strong></span> <span class='ocrx_word' id='word_1_153' title='bbox 974 1946 1022 2004; x_wconf 93' lang='lat' dir='ltr'><strong>De</strong></span> <span class='ocrx_word' id='word_1_154' title='bbox 1039 1943 1139 2021; x_wconf 90' lang='lat' dir='ltr'><strong>cogni·</strong></span> 
     </span>
    </p>

    <p class='ocr_par' dir='ltr' id='par_1_8' title="bbox 136 2040 1184 2126">
     <span class='ocr_line' id='line_1_19' title="bbox 136 2040 1184 2126; baseline 0.003 -25"><span class='ocrx_word' id='word_1_155' title='bbox 136 2040 225 2101; x_wconf 89' lang='lat' dir='ltr'><strong>tionis</strong></span> <span class='ocrx_word' id='word_1_156' title='bbox 260 2041 484 2126; x_wconf 91' lang='lat' dir='ltr'><strong>quaestionibus</strong></span> <span class='ocrx_word' id='word_1_157' title='bbox 519 2044 672 2102; x_wconf 90' lang='lat' dir='ltr'><strong>hactenus.</strong></span> <span class='ocrx_word' id='word_1_158' title='bbox 723 2041 859 2102; x_wconf 89' lang='lat' dir='ltr'><strong>Actionis</strong></span> <span class='ocrx_word' id='word_1_159' title='bbox 894 2040 1025 2120; x_wconf 89' lang='lat' dir='ltr'><strong>reliquae</strong></span> <span class='ocrx_word' id='word_1_160' title='bbox 1059 2053 1136 2116; x_wconf 89' lang='lat' dir='ltr'><strong>sunt,</strong></span> <span class='ocrx_word' id='word_1_161' title='bbox 1152 2053 1184 2104; x_wconf 83' lang='lat'><strong>86</strong></span> 
     </span>
    </p>

    <p class='ocr_par' dir='ltr' id='par_1_9' title="bbox 137 2141 1137 2218">
     <span class='ocr_line' id='line_1_20' title="bbox 137 2141 1137 2218; baseline 0.002 -21"><span class='ocrx_word' id='word_1_162' title='bbox 137 2159 262 2216; x_wconf 87' lang='lat' dir='ltr'><strong>quarum</strong></span> <span class='ocrx_word' id='word_1_163' title='bbox 277 2141 339 2199; x_wconf 92' lang='lat' dir='ltr'><strong>duo</strong></span> <span class='ocrx_word' id='word_1_164' title='bbox 357 2160 484 2218; x_wconf 88' lang='lat' dir='ltr'><strong>genera:</strong></span> <span class='ocrx_word' id='word_1_165' title='bbox 505 2160 600 2199; x_wconf 92' lang='lat' dir='ltr'><strong>unum</strong></span> <span class='ocrx_word' id='word_1_166' title='bbox 614 2141 653 2200; x_wconf 91' lang='lat' dir='ltr'><strong>ad</strong></span> <span class='ocrx_word' id='word_1_167' title='bbox 669 2141 809 2214; x_wconf 89' lang='lat' dir='ltr'><strong>officium,</strong></span> <span class='ocrx_word' id='word_1_168' title='bbox 825 2143 950 2201; x_wconf 91' lang='lat' dir='ltr'><strong>alterum</strong></span> <span class='ocrx_word' id='word_1_169' title='bbox 964 2141 1004 2200; x_wconf 90' lang='lat' dir='ltr'><strong>ad</strong></span> <span class='ocrx_word' id='word_1_170' title='bbox 1021 2152 1137 2201; x_wconf 91' lang='lat' dir='ltr'><strong>motum</strong></span> 
     </span>
    </p>

    <p class='ocr_par' dir='ltr' id='par_1_10' title="bbox 92 2235 1135 2413">
     <span class='ocr_line' id='line_1_21' title="bbox 92 2235 1135 2316; baseline 0.003 -21"><span class='ocrx_word' id='word_1_171' title='bbox 92 2260 124 2296; x_wconf 69' lang='grc' dir='ltr'><strong>ιο</strong></span> <span class='ocrx_word' id='word_1_172' title='bbox 136 2235 229 2296; x_wconf 91' lang='lat' dir='ltr'><strong>animi</strong></span> <span class='ocrx_word' id='word_1_173' title='bbox 252 2238 299 2297; x_wconf 87' lang='lat' dir='ltr'><strong>vel</strong></span> <span class='ocrx_word' id='word_1_174' title='bbox 327 2236 510 2314; x_wconf 89' lang='lat' dir='ltr'><strong>gignendum</strong></span> <span class='ocrx_word' id='word_1_175' title='bbox 535 2239 581 2297; x_wconf 89' lang='lat' dir='ltr'><strong>vel</strong></span> <span class='ocrx_word' id='word_1_176' title='bbox 610 2239 779 2298; x_wconf 90' lang='lat' dir='ltr'><strong>sedandum</strong></span> <span class='ocrx_word' id='word_1_177' title='bbox 807 2240 932 2316; x_wconf 85' lang='lat' dir='ltr'><strong>planeve</strong></span> <span class='ocrx_word' id='word_1_178' title='bbox 959 2239 1135 2298; x_wconf 92' lang='lat' dir='ltr'><strong>tollendum.</strong></span> 
     </span>
     <span class='ocr_line' id='line_1_22' title="bbox 136 2333 1134 2413; baseline 0.001 -20"><span class='ocrx_word' id='word_1_179' title='bbox 136 2334 185 2393; x_wconf 90' lang='lat' dir='ltr'><strong>Ad</strong></span> <span class='ocrx_word' id='word_1_180' title='bbox 201 2334 332 2393; x_wconf 88' lang='lat' dir='ltr'><strong>officium</strong></span> <span class='ocrx_word' id='word_1_181' title='bbox 347 2334 396 2408; x_wconf 90' lang='lat' dir='ltr'><strong>sic,</strong></span> <span class='ocrx_word' id='word_1_182' title='bbox 414 2345 446 2395; x_wconf 91' lang='lat' dir='ltr'><strong>ut</strong></span> <span class='ocrx_word' id='word_1_183' title='bbox 465 2354 535 2394; x_wconf 92' lang='lat' dir='ltr'><strong>cum</strong></span> <span class='ocrx_word' id='word_1_184' title='bbox 555 2335 704 2412; x_wconf 87' lang='lat' dir='ltr'><strong>quaeritur</strong></span> <span class='ocrx_word' id='word_1_185' title='bbox 724 2333 945 2413; x_wconf 86' lang='lat' dir='ltr'><strong>suscipiendine</strong></span> <span class='ocrx_word' id='word_1_186' title='bbox 964 2335 1023 2396; x_wconf 93' lang='lat' dir='ltr'><strong>sint</strong></span> <span class='ocrx_word' id='word_1_187' title='bbox 1042 2334 1134 2396; x_wconf 91' lang='lat' dir='ltr'><strong>liberi.</strong></span> 
     </span>
    </p>

    <p class='ocr_par' dir='ltr' id='par_1_11' title="bbox 81 2431 1137 2704">
     <span class='ocr_line' id='line_1_23' title="bbox 81 2431 1135 2508; baseline 0.002 -18"><span class='ocrx_word' id='word_1_188' title='bbox 81 2502 83 2508; x_wconf 27' lang='grc' dir='ltr'>Ι</span> <span class='ocrx_word' id='word_1_189' title='bbox 135 2432 185 2490; x_wconf 90' lang='lat' dir='ltr'><strong>Ad</strong></span> <span class='ocrx_word' id='word_1_190' title='bbox 207 2433 372 2493; x_wconf 91' lang='lat' dir='ltr'><strong>movendos</strong></span> <span class='ocrx_word' id='word_1_191' title='bbox 392 2431 749 2502; x_wconf 89' lang='lat' dir='ltr'><strong>animoscohortationes</strong></span> <span class='ocrx_word' id='word_1_192' title='bbox 770 2434 810 2493; x_wconf 91' lang='lat' dir='ltr'><strong>ad</strong></span> <span class='ocrx_word' id='word_1_193' title='bbox 830 2433 1052 2494; x_wconf 89' lang='lat' dir='ltr'><strong>defendendam</strong></span> <span class='ocrx_word' id='word_1_194' title='bbox 1073 2453 1135 2493; x_wconf 89' lang='lat' dir='ltr'><strong>rem</strong></span> 
     </span>
     <span class='ocr_line' id='line_1_24' title="bbox 135 2527 1137 2608; baseline 0.001 -19"><span class='ocrx_word' id='word_1_195' title='bbox 135 2527 294 2606; x_wconf 89' lang='lat' dir='ltr'><strong>publicam,</strong></span> <span class='ocrx_word' id='word_1_196' title='bbox 321 2530 360 2589; x_wconf 87' lang='lat' dir='ltr'><strong>ad</strong></span> <span class='ocrx_word' id='word_1_197' title='bbox 388 2530 516 2602; x_wconf 86' lang='lat' dir='ltr'><strong>laudem,</strong></span> <span class='ocrx_word' id='word_1_198' title='bbox 542 2531 581 2589; x_wconf 90' lang='lat' dir='ltr'><strong>ad</strong></span> <span class='ocrx_word' id='word_1_199' title='bbox 609 2529 732 2607; x_wconf 86' lang='lat' dir='ltr'><strong>gloriam</strong></span> <span class='ocrx_word' id='word_1_200' title='bbox 744 2551 753 2604; x_wconf 86' lang='lat'>;</span> <span class='ocrx_word' id='word_1_201' title='bbox 786 2548 847 2606; x_wconf 91' lang='lat' dir='ltr'><strong>quo</strong></span> <span class='ocrx_word' id='word_1_202' title='bbox 872 2550 908 2590; x_wconf 89' lang='lat' dir='ltr'><strong>ex</strong></span> <span class='ocrx_word' id='word_1_203' title='bbox 934 2549 1042 2608; x_wconf 92' lang='lat' dir='ltr'><strong>genere</strong></span> <span class='ocrx_word' id='word_1_204' title='bbox 1067 2543 1137 2590; x_wconf 88' lang='lat' dir='ltr'><strong>sunt</strong></span> 
     </span>
     <span class='ocr_line' id='line_1_25' title="bbox 136 2625 1136 2704; baseline 0.004 -20"><span class='ocrx_word' id='word_1_205' title='bbox 136 2628 284 2702; x_wconf 89' lang='lat' dir='ltr'><strong>querellae</strong></span> <span class='ocrx_word' id='word_1_206' title='bbox 311 2625 499 2687; x_wconf 89' lang='lat' dir='ltr'><strong>incitationes</strong></span> <span class='ocrx_word' id='word_1_207' title='bbox 524 2626 788 2704; x_wconf 88' lang='lat' dir='ltr'><strong>miserationesque</strong></span> <span class='ocrx_word' id='word_1_208' title='bbox 813 2626 927 2687; x_wconf 92' lang='lat' dir='ltr'><strong>flebiles</strong></span> <span class='ocrx_word' id='word_1_209' title='bbox 938 2649 946 2702; x_wconf 81' lang='lat'>3</span> <span class='ocrx_word' id='word_1_210' title='bbox 976 2647 1136 2704; x_wconf 90' lang='lat' dir='ltr'><strong>rursusque</strong></span> 
     </span>
    </p>

    <p class='ocr_par' dir='ltr' id='par_1_12' title="bbox 91 2716 1134 3087">
     <span class='ocr_line' id='line_1_26' title="bbox 91 2716 1133 2802; baseline 0.006 -22"><span class='ocrx_word' id='word_1_211' title='bbox 91 2745 121 2796; x_wconf 82' lang='lat'><strong>²5</strong></span> <span class='ocrx_word' id='word_1_212' title='bbox 135 2721 229 2782; x_wconf 87' lang='lat' dir='ltr'><strong>oratio</strong></span> <span class='ocrx_word' id='word_1_213' title='bbox 254 2734 318 2782; x_wconf 91' lang='lat' dir='ltr'><strong>tum</strong></span> <span class='ocrx_word' id='word_1_214' title='bbox 342 2722 526 2786; x_wconf 90' lang='lat' dir='ltr'><strong>iracundiam</strong></span> <span class='ocrx_word' id='word_1_215' title='bbox 550 2716 742 2801; x_wconf 84' lang='lat' dir='ltr'><strong>restinguens,</strong></span> <span class='ocrx_word' id='word_1_216' title='bbox 769 2736 833 2784; x_wconf 91' lang='lat' dir='ltr'><strong>tum</strong></span> <span class='ocrx_word' id='word_1_217' title='bbox 859 2735 972 2784; x_wconf 91' lang='lat' dir='ltr'><strong>metum</strong></span> <span class='ocrx_word' id='word_1_218' title='bbox 997 2723 1133 2802; x_wconf 91' lang='lat' dir='ltr'><strong>eripiens,</strong></span> 
     </span>
     <span class='ocr_line' id='line_1_27' title="bbox 135 2820 1134 2900; baseline 0.005 -22"><span class='ocrx_word' id='word_1_219' title='bbox 135 2831 199 2879; x_wconf 90' lang='lat' dir='ltr'><strong>tum</strong></span> <span class='ocrx_word' id='word_1_220' title='bbox 221 2822 417 2880; x_wconf 86' lang='lat' dir='ltr'><strong>exsultantem</strong></span> <span class='ocrx_word' id='word_1_221' title='bbox 438 2821 580 2882; x_wconf 90' lang='lat' dir='ltr'><strong>laetitiam</strong></span> <span class='ocrx_word' id='word_1_222' title='bbox 601 2820 813 2899; x_wconf 78' lang='lat' dir='ltr'><strong>comprimenS,</strong></span> <span class='ocrx_word' id='word_1_223' title='bbox 834 2834 899 2882; x_wconf 90' lang='lat' dir='ltr'><strong>tum</strong></span> <span class='ocrx_word' id='word_1_224' title='bbox 918 2821 1134 2900; x_wconf 87' lang='lat' dir='ltr'><strong>aegritudinem</strong></span> 
     </span>
     <span class='ocr_line' id='line_1_28' title="bbox 133 2917 1134 2998; baseline 0.005 -23"><span class='ocrx_word' id='word_1_225' title='bbox 133 2917 312 2994; x_wconf 87' lang='lat' dir='ltr'><strong>abstergens.</strong></span> <span class='ocrx_word' id='word_1_226' title='bbox 358 2920 444 2978; x_wconf 90' lang='lat' dir='ltr'><strong>Haec</strong></span> <span class='ocrx_word' id='word_1_227' title='bbox 465 2939 535 2979; x_wconf 93' lang='lat' dir='ltr'><strong>cum</strong></span> <span class='ocrx_word' id='word_1_228' title='bbox 556 2919 587 2980; x_wconf 92' lang='lat' dir='ltr'><strong>in</strong></span> <span class='ocrx_word' id='word_1_229' title='bbox 608 2918 751 2998; x_wconf 90' lang='lat' dir='ltr'><strong>propositi</strong></span> <span class='ocrx_word' id='word_1_230' title='bbox 776 2918 1001 2997; x_wconf 90' lang='lat' dir='ltr'><strong>quaestiouibus</strong></span> <span class='ocrx_word' id='word_1_231' title='bbox 1025 2940 1134 2998; x_wconf 87' lang='lat' dir='ltr'><strong>genera</strong></span> 
     </span>
     <span class='ocr_line' id='line_1_29' title="bbox 134 3013 720 3087; baseline 0.007 -15"><span class='ocrx_word' id='word_1_232' title='bbox 134 3013 202 3087; x_wconf 89' lang='lat' dir='ltr'><strong>sint,</strong></span> <span class='ocrx_word' id='word_1_233' title='bbox 217 3016 323 3074; x_wconf 89' lang='lat' dir='ltr'><strong>eadem</strong></span> <span class='ocrx_word' id='word_1_234' title='bbox 337 3014 368 3074; x_wconf 94' lang='lat' dir='ltr'><strong>in</strong></span> <span class='ocrx_word' id='word_1_235' title='bbox 382 3035 486 3076; x_wconf 91' lang='lat' dir='ltr'><strong>causas</strong></span> <span class='ocrx_word' id='word_1_236' title='bbox 500 3020 720 3078; x_wconf 84' lang='lat' dir='ltr'><strong>transferuntur.</strong></span> 
     </span>
    </p>

    <p class='ocr_par' dir='ltr' id='par_1_13' title="bbox 174 3098 1185 3195">
     <span class='ocr_line' id='line_1_30' title="bbox 174 3098 1185 3195; baseline 0.003 -25"><span class='ocrx_word' id='word_1_237' title='bbox 174 3111 249 3171; x_wconf 95' lang='lat' dir='ltr'><strong>Loci</strong></span> <span class='ocrx_word' id='word_1_238' title='bbox 272 3123 372 3172; x_wconf 90' lang='lat' dir='ltr'><strong>autem</strong></span> <span class='ocrx_word' id='word_1_239' title='bbox 397 3114 449 3190; x_wconf 94' lang='lat' dir='ltr'><strong>qui</strong></span> <span class='ocrx_word' id='word_1_240' title='bbox 472 3116 516 3195; x_wconf 70' lang='lat' dir='ltr'><strong>ad.</strong></span> <span class='ocrx_word' id='word_1_241' title='bbox 536 3134 670 3192; x_wconf 92' lang='lat' dir='ltr'><strong>quasque</strong></span> <span class='ocrx_word' id='word_1_242' title='bbox 695 3115 886 3192; x_wconf 88' lang='lat' dir='ltr'><strong>quaestiones</strong></span> <span class='ocrx_word' id='word_1_243' title='bbox 911 3113 1132 3175; x_wconf 90' lang='lat' dir='ltr'><strong>accommodati</strong></span> <span class='ocrx_word' id='word_1_244' title='bbox 1145 3098 1185 3158; x_wconf 75' lang='lat'><strong>²3</strong></span> 
     </span>
    </p>

    <p class='ocr_par' dir='ltr' id='par_1_14' title="bbox 90 3175 1179 3484">
     <span class='ocr_line' id='line_1_31' title="bbox 90 3175 1179 3290; baseline 0 -19"><span class='ocrx_word' id='word_1_245' title='bbox 90 3235 120 3284; x_wconf 82' lang='lat'><strong>30</strong></span> <span class='ocrx_word' id='word_1_246' title='bbox 133 3207 192 3267; x_wconf 89' lang='lat' dir='ltr'><strong>sint</strong></span> <span class='ocrx_word' id='word_1_247' title='bbox 205 3199 406 3286; x_wconf 75' lang='lat' dir='ltr'><strong>deinceps-&#39;esi</strong></span> <span class='ocrx_word' id='word_1_248' title='bbox 420 3210 592 3271; x_wconf 91' lang='lat' dir='ltr'><strong>videndum.</strong></span> <span class='ocrx_word' id='word_1_249' title='bbox 636 3213 751 3272; x_wconf 91' lang='lat' dir='ltr'><strong>Omnes</strong></span> <span class='ocrx_word' id='word_1_250' title='bbox 768 3211 810 3273; x_wconf 93' lang='lat' dir='ltr'><strong>illi</strong></span> <span class='ocrx_word' id='word_1_251' title='bbox 826 3211 949 3290; x_wconf 92' lang='lat' dir='ltr'><strong>quidem</strong></span> <span class='ocrx_word' id='word_1_252' title='bbox 968 3213 1007 3272; x_wconf 90' lang='lat' dir='ltr'><strong>ad</strong></span> <span class='ocrx_word' id='word_1_253' title='bbox 1026 3213 1134 3289; x_wconf 89' lang='lat' dir='ltr'><strong>pleras·</strong></span> <span class='ocrx_word' id='word_1_254' title='bbox 1146 3175 1179 3240; x_wconf 71' lang='lat'><strong>⁸⁷</strong></span> 
     </span>
     <span class='ocr_line' id='line_1_32' title="bbox 133 3305 1133 3386; baseline 0.004 -22"><span class='ocrx_word' id='word_1_255' title='bbox 133 3325 201 3382; x_wconf 89' lang='lat' dir='ltr'><strong>que,</strong></span> <span class='ocrx_word' id='word_1_256' title='bbox 223 3307 276 3366; x_wconf 94' lang='lat' dir='ltr'><strong>sed</strong></span> <span class='ocrx_word' id='word_1_257' title='bbox 298 3305 356 3366; x_wconf 85' lang='lat' dir='ltr'><strong>alii</strong></span> <span class='ocrx_word' id='word_1_258' title='bbox 368 3308 407 3367; x_wconf 89' lang='lat' dir='ltr'><strong>ad</strong></span> <span class='ocrx_word' id='word_1_259' title='bbox 428 3307 510 3382; x_wconf 91' lang='lat' dir='ltr'><strong>alias,</strong></span> <span class='ocrx_word' id='word_1_260' title='bbox 531 3320 564 3368; x_wconf 92' lang='lat' dir='ltr'><strong>ut</strong></span> <span class='ocrx_word' id='word_1_261' title='bbox 585 3307 656 3384; x_wconf 93' lang='lat' dir='ltr'><strong>dixi,</strong></span> <span class='ocrx_word' id='word_1_262' title='bbox 677 3308 814 3386; x_wconf 89' lang='lat' dir='ltr'><strong>aptiores.</strong></span> <span class='ocrx_word' id='word_1_263' title='bbox 857 3311 907 3370; x_wconf 90' lang='lat' dir='ltr'><strong>Ad</strong></span> <span class='ocrx_word' id='word_1_264' title='bbox 929 3307 1133 3370; x_wconf 87' lang='lat' dir='ltr'><strong>coniecturam</strong></span> 
     </span>
     <span class='ocr_line' id='line_1_33' title="bbox 131 3401 1133 3484; baseline 0.007 -24"><span class='ocrx_word' id='word_1_265' title='bbox 131 3401 218 3479; x_wconf 88' lang='lat' dir='ltr'><strong>igitur</strong></span> <span class='ocrx_word' id='word_1_266' title='bbox 239 3403 366 3463; x_wconf 87' lang='lat' dir='ltr'><strong>maxime</strong></span> <span class='ocrx_word' id='word_1_267' title='bbox 386 3416 455 3482; x_wconf 89' lang='lat' dir='ltr'><strong>apta</strong></span> <span class='ocrx_word' id='word_1_268' title='bbox 476 3424 553 3482; x_wconf 90' lang='lat' dir='ltr'><strong>quae</strong></span> <span class='ocrx_word' id='word_1_269' title='bbox 574 3426 610 3466; x_wconf 88' lang='lat' dir='ltr'><strong>ex</strong></span> <span class='ocrx_word' id='word_1_270' title='bbox 631 3405 736 3478; x_wconf 88' lang='lat' dir='ltr'><strong>causis,</strong></span> <span class='ocrx_word' id='word_1_271' title='bbox 759 3426 836 3484; x_wconf 90' lang='lat' dir='ltr'><strong>quae</strong></span> <span class='ocrx_word' id='word_1_272' title='bbox 858 3427 894 3467; x_wconf 87' lang='lat' dir='ltr'><strong>ex</strong></span> <span class='ocrx_word' id='word_1_273' title='bbox 915 3406 1039 3480; x_wconf 71' lang='lat' dir='ltr'><strong>effectis</strong></span> <span class='ocrx_word' id='word_1_274' title='bbox 1056 3426 1133 3483; x_wconf 92' lang='lat' dir='ltr'><strong>quae</strong></span> 
     </span>
    </p>
   </div>
   <div class='ocr_carea' id='block_1_5' title="bbox 129 3557 1132 3686">
    <p class='ocr_par' dir='ltr' id='par_1_15' title="bbox 129 3557 1132 3686">
     <span class='ocr_line' id='line_1_34' title="bbox 167 3557 1132 3624; baseline 0.005 -19"><span class='ocrx_word' id='word_1_275' title='bbox 167 3572 178 3605; x_wconf 88' lang='lat' dir='ltr'><strong>r</strong></span> <span class='ocrx_word' id='word_1_276' title='bbox 197 3557 234 3606; x_wconf 90' lang='lat' dir='ltr'><strong>sic</strong></span> <span class='ocrx_word' id='word_1_277' title='bbox 245 3557 292 3618; x_wconf 90' lang='lat' dir='ltr'><strong>Of:</strong></span> <span class='ocrx_word' id='word_1_278' title='bbox 311 3574 360 3608; x_wconf 89' lang='lat' dir='ltr'><strong>om.</strong></span> <span class='ocrx_word' id='word_1_279' title='bbox 374 3558 441 3607; x_wconf 86' lang='lat' dir='ltr'><strong>codd.</strong></span> <span class='ocrx_word' id='word_1_280' title='bbox 557 3573 573 3620; x_wconf 82' lang='lat'><strong>3</strong></span> <span class='ocrx_word' id='word_1_281' title='bbox 587 3561 659 3622; x_wconf 80' lang='lat' dir='ltr'><strong>prius</strong></span> <span class='ocrx_word' id='word_1_282' title='bbox 671 3567 697 3609; x_wconf 90' lang='lat' dir='ltr'><strong>et</strong></span> <span class='ocrx_word' id='word_1_283' title='bbox 712 3559 761 3622; x_wconf 81' lang='lat' dir='ltr'><strong>Of:</strong></span> <span class='ocrx_word' id='word_1_284' title='bbox 778 3577 829 3610; x_wconf 89' lang='lat' dir='ltr'><strong>om.</strong></span> <span class='ocrx_word' id='word_1_285' title='bbox 845 3560 913 3610; x_wconf 78' lang='lat' dir='ltr'><strong>codd.</strong></span> <span class='ocrx_word' id='word_1_286' title='bbox 1029 3576 1060 3624; x_wconf 80' lang='lat'><strong>²⁷</strong></span> <span class='ocrx_word' id='word_1_287' title='bbox 1073 3575 1132 3622; x_wconf 90' lang='lat' dir='ltr'><strong>pro·</strong></span> 
     </span>
     <span class='ocr_line' id='line_1_35' title="bbox 129 3622 1127 3686; baseline 0.004 -16"><span class='ocrx_word' id='word_1_288' title='bbox 129 3622 209 3684; x_wconf 85' lang='lat' dir='ltr'><strong>positi</strong></span> <span class='ocrx_word' id='word_1_289' title='bbox 221 3623 363 3673; x_wconf 80' lang='lat' dir='ltr'><strong>Hamm&#39;er:</strong></span> <span class='ocrx_word' id='word_1_290' title='bbox 383 3624 523 3686; x_wconf 88' lang='lat' dir='ltr'><strong>propositis</strong></span> <span class='ocrx_word' id='word_1_291' title='bbox 535 3625 605 3675; x_wconf 84' lang='lat' dir='ltr'><strong>codd.</strong></span> <span class='ocrx_word' id='word_1_292' title='bbox 1124 3667 1127 3674; x_wconf 96' lang='lat'><strong>.</strong></span> 
     </span>
    </p>
   </div>
   <div class='ocr_carea' id='block_1_6' title="bbox 0 0 1298 4178">
    <p class='ocr_par' dir='ltr' id='par_1_16' title="bbox 0 0 1298 4178">
     <span class='ocr_line' id='line_1_36' title="bbox 0 0 1298 4178; baseline 0 1"><span class='ocrx_word' id='word_1_293' title='bbox 0 0 1298 4178; x_wconf 95' lang='lat' dir='ltr'><strong> </strong></span> 
     </span>
    </p>
   </div>
  </div>
 </body>
</html>
