2588 4178
581 208 741 272 TOPICA
1125 227 1160 287 14
1172 224 1203 289 5⁶
1216 237 1217 240 ’

155 374 271 437 toribus
282 376 428 456 ἐνθύμημα
441 375 556 438 dicitur.
591 376 713 456 Reliqui
722 377 946 439 dialecticorum
961 379 1044 440 modi
1058 383 1156 459 plures

155 485 235 549 sunt,
256 473 308 552 qui
326 494 363 535 ex
380 475 631 538 disiunctionibus
650 486 806 537 constant:
834 479 897 537 Aut
917 479 976 538 hoc
994 489 1045 539 aut
1064 478 1138 539 illud
1148 500 1157 553 3

154 573 215 632 hoc
228 583 329 632 autem
340 595 349 647 ;
369 592 432 632 non
445 571 533 652 igitur
546 573 628 634 illud.
673 576 829 651 Itemque:
850 578 912 635 Aut
926 577 984 636 hoc
998 587 1050 637 aut
1063 575 1156 651 illud3

153 688 218 730 non
238 680 339 732 autern
364 672 423 731 hoc
434 692 443 745 3
469 670 544 731 illud
568 671 663 749 igitur.
707 673 794 748 Quae
815 671 1023 734 conclusiones
1044 672 1155 735 idcirco

123 783 137 831 ⁵
153 779 235 829 ratae
254 779 323 829 sunt
344 769 427 846 quod
447 767 478 829 in
497 768 698 831 disiunctione
718 771 786 848 plus
807 789 869 830 uno
887 790 989 831 verum
1009 791 1074 832 esse
1093 791 1154 833 non

152 876 260 944 potest.
293 868 396 944 Atque
406 886 442 927 ex
456 866 499 929 eis
510 867 753 929 conclusionibus
768 887 842 946 quas
856 888 945 947 supra
959 869 1063 948 scripsi
1076 869 1156 947 prior
1170 891 1200 943 5?

152 974 275 1040 quartus
300 963 446 1043 posterior
472 966 595 1043 quintus
619 986 637 1026 a
661 964 823 1027 dialecticis
848 968 956 1027 modus
980 970 1152 1046 appellatur.

154 1059 275 1122 Deinde
288 1062 405 1123 addunt
423 1062 671 1124 coniunctionum
686 1063 855 1142 negantiam
877 1065 937 1125 sic:
966 1065 1038 1127 Non
1052 1077 1082 1127 et
1096 1067 1154 1126 hoc

152 1169 183 1219 et
208 1157 301 1234 illud3
331 1160 390 1219 hoc
413 1171 535 1235 autem,
565 1181 628 1221 non
652 1160 740 1239 igitur
764 1161 846 1221 illud.
890 1161 952 1222 Hic
977 1163 1085 1224 modus
1110 1175 1155 1223 est

107 1280 139 1318 ro
152 1268 261 1319 sextus.
304 1257 455 1336 Septimus
468 1269 570 1319 autern
584 1281 590 1319 :
613 1261 684 1320 Non
699 1270 728 1320 et
746 1260 805 1319 hoc
819 1271 849 1320 et
863 1259 936 1319 illud
947 1281 956 1334 ;
976 1280 1038 1321 non
1051 1272 1152 1321 autem

150 1356 230 1430 hoc;
250 1356 324 1417 illud
338 1355 432 1435 igitur.
471 1358 516 1416 Ex
530 1357 572 1419 eis
587 1357 685 1419 modis
699 1356 907 1418 conclusiones
922 1357 1153 1419 innumerabiles

151 1465 322 1529 nascuntur,
348 1454 379 1515 in
405 1474 467 1534 quo
491 1468 536 1517 est
564 1467 627 1517 tota
654 1459 715 1539 sere
739 1457 905 1534 διαλεκτική.
950 1458 1009 1517 Sed
1033 1476 1072 1517 ne
1096 1458 1154 1517 hae

151 1551 274 1630 quidem
289 1572 363 1631 quas
377 1553 502 1632 exposui
515 1555 555 1615 ad
569 1556 648 1615 hanc
661 1554 879 1616 institutionem
894 1554 1085 1617 necessariae.

192 1650 348 1712 Proximus
380 1662 425 1712 est
457 1653 541 1713 locus
574 1673 671 1713 rerum
704 1646 907 1726 efficientium,
935 1673 1014 1731 quae
1045 1672 1153 1713 causae
1167 1655 1197 1714 58

105 1765 136 1817 ¹5
149 1750 356 1826 appellantur3
395 1748 506 1811 deinde
541 1771 638 1811 rerum
674 1752 846 1812 effectarum
881 1750 921 1811 ab
954 1749 1152 1811 efficientibus

150 1846 254 1907 causis.
299 1848 417 1907 Harum
446 1851 590 1926 exempla,
618 1860 650 1909 ut
677 1849 859 1927 reliquorum
887 1850 1030 1921 locorum,
1060 1851 1152 1926 paulo

147 1954 218 2004 ante
237 1943 325 2022 posui
344 1944 486 2023 equidem
505 1967 542 2008 ex
560 1946 623 2007 iure
642 1946 721 2007 civili
731 1969 739 2021 ;
763 1949 817 2008 sed
837 1948 914 2007 haec
931 1955 1035 2025 patent
1053 1945 1148 2007 latius.

148 2042 315 2104 Causarum
335 2041 442 2126 [enim]
460 2064 569 2122 genera
588 2046 650 2105 duo
671 2055 740 2105 sunt
750 2066 759 2119 3
782 2065 885 2118 unum,
901 2041 1027 2121 quodvi
1047 2064 1100 2104 sua
1119 2043 1150 2105 id
1163 2062 1197 2124 15

149 2141 233 2218 quod
257 2140 314 2201 sub
339 2161 406 2202 eam
426 2141 486 2201 vim
512 2141 680 2203 subiectum
702 2153 747 2203 est
767 2152 846 2202 certe
868 2141 965 2214 efficit,
988 2148 1041 2201 utz'
1068 2140 1150 2220 Ignis

102 2237 287 2298 reaccendit
297 2259 305 2312 ;
325 2241 459 2313 alterum,
475 2240 559 2316 quod
578 2251 713 2300 naturam
733 2237 881 2300 efficiendi
903 2258 965 2298 non
983 2239 1076 2299 habet
1096 2240 1151 2300 sed

147 2333 299 2412 sineque
319 2335 397 2396 effici
421 2357 482 2397 non
507 2337 609 2414 possit,
631 2348 664 2397 ut
685 2335 709 2397 si
730 2337 797 2414 quis
821 2355 871 2396 aes
893 2335 1008 2397 statuae
1028 2356 1150 2397 causam

146 2433 218 2493 velit
232 2433 340 2508 dicere,
356 2436 441 2512 quod
459 2433 523 2496 sine
538 2455 575 2496 eo
594 2455 656 2495 non
677 2434 770 2513 possit
785 2432 868 2495 effici.
913 2433 1015 2494 Huius
1033 2435 1149 2512 generis
1162 2453 1193 2506 59

146 2550 312 2606 causarum,
339 2533 403 2593 sine
428 2553 489 2611 quo
514 2553 576 2593 non
601 2532 732 2607 efficitur,
759 2532 818 2594 alia
841 2543 911 2593 sunt
938 2532 1047 2611 quieta,
1074 2532 1148 2593 nihil

146 2629 273 2708 agentia,
299 2631 408 2691 stolida
431 2632 564 2709 quodam
589 2632 690 2703 modo,
718 2641 751 2691 ut
774 2633 858 2704 locus
883 2642 1001 2707 tempus
1026 2629 1149 2691 materia

102 2738 133 2788 ²5
146 2728 324 2789 ferramenta
343 2738 373 2789 et
391 2739 489 2790 cetera
508 2728 625 2807 generis
644 2728 799 2803 eiusdem;
818 2728 877 2788 alia
894 2740 994 2789 autern
1014 2748 1149 2807 praecur-

145 2824 262 2886 sionem
294 2827 446 2904 quandam
480 2826 626 2904 adhibent
652 2828 692 2886 ad
719 2825 909 2888 efficiendum
938 2837 967 2887 et
997 2829 1146 2904 quaedam

143 2924 283 2985 adferunt
301 2945 355 3004 per
373 2945 406 2985 se
421 2924 600 2997 adiuvantia,
617 2924 673 2984 etsi
691 2945 753 2985 non
773 2923 946 2998 necessaria,
962 2936 1012 2986 ut:
1041 2922 1146 2986 Amori

144 3022 315 3101 congressio
329 3043 450 3084 causam
469 3025 617 3097 attulerat,
630 3042 715 3083 amor
733 3021 852 3101 flagitio.
896 3025 942 3082 Ex
960 3024 1020 3084 hoc
1038 3043 1147 3101 genere

144 3139 299 3181 causarum
311 3141 348 3182 ex
361 3119 535 3182 aeternitate
549 3120 745 3198 pendentium
757 3123 850 3181 fatum
861 3140 879 3180 a
890 3120 998 3182 Stoicis
1009 3120 1143 3181 nectitur.

98 3232 131 3282 30
144 3221 246 3296 Atque
270 3229 303 3279 ut
327 3238 429 3280 earum
453 3237 608 3278 causarum
630 3218 702 3279 -sine
723 3217 832 3296 quibus
857 3218 934 3279 effici
957 3239 1019 3278 non
1046 3229 1146 3296 potest

178 3389 208 3438 η
222 3376 341 3438 equidem
349 3373 419 3437 Offi:
435 3381 462 3424 et
474 3375 578 3438 quidem
587 3372 655 3422 codd.
722 3377 751 3423 18
767 3373 838 3423 enirn
849 3373 930 3425 codd:
946 3373 997 3423 secl.
1006 3372 1142 3424 Fn'edn'ch:

142 3440 221 3501 igitur
232 3440 298 3504 Offl:
315 3440 368 3490 secl.
384 3439 462 3489 Orelli
557 3455 590 3489 ao
606 3455 659 3488 nou
668 3439 781 3489 habete:
798 3455 850 3495 non
861 3441 929 3502 quod
939 3438 983 3488 0:
999 3439 1091 3487 habeat
1104 3438 1144 3487 O:

143 3504 255 3555 habetC
367 3506 413 3554 sed
430 3506 481 3569 Os:
515 3513 541 3554 et
561 3504 629 3555 codd.
740 3521 772 3568 ²5
790 3513 817 3554 et
837 3513 923 3555 cetera
944 3505 1023 3566 Offlc:
1057 3511 1144 3553 cetera

141 3569 209 3621 codd.
307 3573 344 3620 <28
359 3572 480 3622 attulerat
491 3570 559 3621 codd.
572 3570 628 3621 dett.
640 3571 742 3623 Buta:
759 3572 872 3622 attulerit
883 3570 950 3620 codd.
