2588 4178
539 214 718 276 oRAron
1090 215 1129 274 aa
1142 237 1176 292 9⁷

130 391 242 443 omnes,
266 391 356 449 quam
378 371 602 444 admirarentur,
626 391 717 448 quam
742 391 774 431 se
800 371 926 449 adsequi
948 391 1037 450 posse
1058 370 1131 431 diffi-

129 470 242 529 derent
286 468 387 528 Huius
401 468 590 547 eloquentiae
604 480 648 529 est
665 480 788 529 tractare
804 468 929 542 animos,
946 468 1034 528 huius
1048 468 1131 527 omni

130 567 223 626 modo
236 586 416 643 permovere.
461 570 548 626 Haec
569 568 663 627 modo
683 566 842 644 perfringit,
858 569 951 627 modo
971 566 1079 643 inrepit
1100 565 1130 625 in

129 683 252 736 sensus;
268 662 371 724 inserit
384 683 477 724 novas
491 664 657 741 opiniones,
673 664 772 724 evellit
785 663 895 724 insitas.
929 665 989 724 Sed
1004 666 1131 723 multum
1143 660 1175 724 9⁸

102 760 251 826 sinterest
269 759 346 820 inter
364 762 423 820 hoc
440 760 561 825 dicendi
582 781 676 838 genus
695 773 725 821 et
743 761 901 838 superiora
946 760 1007 838 Qui
1028 760 1059 819 in
1080 760 1132 820 illo

129 857 231 918 subtili
250 870 280 917 et
300 869 390 918 acuto
409 858 571 918 elaboravit
585 870 617 918 ut
636 858 743 918 callide
764 870 925 937 arguteque
939 851 1060 931 diceret,
1075 878 1132 918 nec

129 954 291 1033 quicquam
312 955 400 1015 altius
420 955 567 1033 cogitavit,
583 958 642 1016 hoc
661 975 723 1015 uno
741 958 873 1034 perlecto
888 976 1013 1033 magnus
1034 966 1133 1016 orator

129 1064 182 1126 est,
198 1053 263 1112 etsi
277 1074 339 1112 non
357 1052 521 1127 maximus;
543 1052 727 1130 minimeque
741 1053 772 1111 in
786 1053 901 1114 lubrico
916 1053 1079 1113 versabitur
1093 1064 1131 1125 et,

129 1151 154 1210 si
175 1153 269 1212 semel
290 1151 462 1224 constiterit,
483 1172 648 1229 numquam
670 1152 766 1211 cadet.
810 1151 931 1212 Medius
953 1151 1002 1212 ille
1021 1162 1131 1223 autem,

87 1274 116 1308 10
130 1270 220 1328 quem
243 1249 396 1309 modicum
418 1262 448 1309 et
468 1260 664 1333 temperatum
684 1269 769 1323 voco,
791 1248 816 1308 si
837 1250 929 1319 modo
950 1269 1038 1308 suum
1059 1248 1132 1308 illud

129 1352 200 1408 satis
219 1346 394 1420 instruxerit,
410 1368 472 1407 non
494 1347 666 1407 extimescet
686 1346 831 1423 ancipites
852 1345 973 1406 dicendi
993 1346 1133 1406 incertos-

130 1465 190 1523 que
210 1464 296 1504 casus
306 1466 315 1517 3
335 1444 425 1504 etiam
447 1444 615 1521 siquando
637 1443 736 1503 minus
757 1438 906 1516 succedet,
925 1455 958 1502 ut
979 1462 1068 1521 saepe
1089 1445 1130 1516 fit,

130 1562 271 1620 magnum
296 1553 397 1602 tamen
420 1541 584 1619 periculum
608 1561 670 1602 non
694 1541 809 1600 adibit:
837 1543 896 1600 alte
920 1539 1001 1600 enim
1025 1541 1132 1600 cadere

130 1660 192 1701 non
206 1651 313 1716 potest.
356 1642 397 1699 At
411 1659 482 1699 vero
498 1638 547 1698 hic
566 1651 673 1711 noster,
690 1659 779 1715 quem
802 1637 965 1715 principem
981 1637 1129 1714 ponimus,
1143 1654 1177 1703 99

90 1764 117 1812 ¹5
129 1737 224 1816 gravis
246 1757 315 1813 acer
334 1738 451 1808 ardens,
472 1736 497 1796 si
517 1739 556 1797 ad
578 1739 636 1796 hoc
657 1756 750 1795 unum
773 1748 818 1795 est
838 1747 925 1795 natus
947 1746 998 1795 aut
1020 1735 1051 1794 in
1074 1737 1133 1796 hoc

129 1838 195 1895 solo
223 1855 255 1894 se
282 1834 412 1895 exercuit
439 1845 491 1894 aut
519 1834 588 1894 huic
615 1833 715 1911 generi
743 1833 857 1894 studuit
884 1832 936 1892 uni
963 1854 1019 1893 nec
1047 1854 1132 1893 suam

130 1931 249 2009 copiam
267 1952 336 1991 cum
354 1931 411 1990 illis
430 1933 550 1992 duobus
568 1931 727 2009 generibus
747 1930 930 2007 temperavit,
946 1930 1074 1990 maxime
1088 1942 1133 1991 est

130 2031 378 2090 contemnendus.
416 2031 471 2089 Ille
488 2029 569 2089 enim
583 2028 767 2101 summissus
783 2030 866 2105 quod
880 2039 967 2088 acute
981 2040 1010 2088 et
1024 2040 1133 2089 vetera·

130 2127 205 2187 torie
226 2127 306 2200 dicit,
328 2127 446 2204 sapiens
463 2127 531 2200 iam,
547 2126 665 2186 medius
682 2126 788 2199 suaviS,
804 2125 853 2186 hic
871 2135 971 2186 autelu
993 2126 1134 2203 copiosis·

87 2249 118 2284 20
131 2225 231 2298 simus,
253 2224 277 2284 si
298 2224 373 2284 nihil
393 2223 475 2285 aliud
496 2236 548 2297 est,
564 2223 613 2283 vix
633 2223 703 2283 satis
724 2243 813 2283 sanus
830 2223 923 2284 videri
944 2225 1026 2284 solet.
1071 2223 1133 2300 Qui

131 2323 211 2383 enim
231 2322 305 2381 nihil
324 2332 423 2399 potest
444 2321 609 2399 tranquille,
625 2320 699 2380 nihil
720 2320 832 2393 leniter,
849 2320 923 2380 nihil
942 2320 1047 2398 partite
1062 2323 1134 2381 defi-

130 2419 192 2479 nite
214 2419 353 2480 distincte
374 2421 469 2479 facete
490 2418 599 2493 dicere,
613 2417 785 2495 praesertim
806 2437 876 2477 cum
897 2437 1004 2478 causae
1025 2418 1132 2495 partim

130 2527 210 2576 totae
233 2516 292 2576 sint
314 2537 352 2576 eo
376 2518 469 2576 modo
493 2515 600 2593 partim
624 2515 724 2592 aliqua
746 2535 782 2575 ex
805 2527 888 2593 parte
913 2516 1084 2575 tractandae
1108 2515 1133 2575 si

129 2614 154 2673 is
179 2633 240 2677 non
265 2613 444 2691 praeparatis
465 2613 586 2673 auribus
610 2612 794 2673 inflammare
808 2602 885 2674 ‘rem
907 2612 1014 2690 coepit,
1038 2614 1134 2673 furere

87 2713 212 2789 25apud
244 2731 333 2773 sanos
365 2723 395 2772 et
425 2695 516 2789 quasi*
545 2712 621 2771 inter
655 2711 770 2770 sobrios
798 2710 937 2770 bacchari
963 2709 1133 2770 vinulentus

128 2808 254 2870 videtur.

170 2909 323 2967 Tenemus
351 2906 446 2984 igitur,
473 2909 572 2980 Brute,
603 2927 693 2984 quem
709 2905 901 2983 quaerimus,
928 2906 982 2966 sed
1009 2904 1112 2966 animo
1124 2928 1132 2980 3
1149 2933 1195 2969 100

129 3024 200 3064 nam
219 3024 310 3063 manu
330 3004 355 3063 si
371 3004 605 3081 prehendissem,
621 3024 659 3063 ne
678 3003 742 3080 ipse
761 3001 884 3080 quidem
903 3023 958 3063 sua
973 3013 1055 3062 tanta
1073 3004 1132 3064 elo·

129 3101 252 3178 quentia
273 3101 347 3160 mihi
367 3101 560 3178 persuasisset
578 3113 611 3161 ut
630 3121 662 3161 se
681 3100 868 3160 dimitterem.
912 3101 972 3160 Sed
993 3099 1131 3161 inventus
1144 3115 1186 3175 29

164 3273 176 3305 1
195 3272 286 3305 omnes
297 3256 386 3304 om.A
487 3271 500 3316 7
519 3255 639 3317 cogitavit
651 3254 807 3318 Heerdegen:
830 3253 1004 3316 cogitaretL:
1021 3269 1128 3304 nec...

129 3323 253 3383 cogitaret
270 3338 322 3372 om.
340 3322 367 3368 A
475 3322 557 3370 8elsi
572 3320 660 3381 Jahn:
678 3321 700 3368 si
718 3320 785 3368 AL:
804 3321 850 3368 sed
867 3320 991 3368 Friedn'ch
1100 3337 1129 3370 11

130 3385 311 3448 extimescitL
420 3403 449 3448 ¹3
465 3387 518 3434 alte
537 3388 581 3434 A:
605 3385 679 3434 aliter
698 3385 720 3432 L
821 3387 852 3434 16
868 3387 956 3434 studet
976 3386 998 3433 L
1100 3402 1130 3447 17

74 3498 76 3503 .
129 3453 268 3514 generibus
279 3469 329 3501 om.
347 3451 373 3498 A
454 3468 485 3513 19
502 3453 551 3500 iarn
563 3450 632 3500 AL:
649 3458 735 3498 tamen
747 3451 843 3513 Stangl
887 3473 889 3478 ·
913 3448 945 3498 aa
963 3450 1029 3499 lacte
1041 3451 1133 3500 maluit

129 3517 223 3581 Stangl
328 3533 360 3577 24
385 3517 500 3580 coeperit
522 3516 617 3576 Stangl
637 3533 693 3564 cum
715 3515 792 3564 codice
814 3532 840 3563 m
954 3518 987 3564 26
1003 3516 1131 3564 videbitur

130 3584 223 3630 maluit
237 3582 272 3631 H.
291 3581 435 3695 Stzhanus
573 3581 606 3629 28
623 3597 682 3630 narn
699 3581 741 3632 A:
760 3596 812 3629 non
828 3579 869 3629 L:
887 3579 953 3629 unde
971 3596 1023 3630 nou
1043 3596 1127 3646 manu,

128 3664 188 3696 narn
201 3652 278 3696 manu
290 3648 312 3697 si
350 3648 400 3696 lota
