2588 4178
151 204 251 266 57195
469 188 513 248 M.
539 188 668 266 TVLLI
697 186 932 250 CICERONIS

200 372 274 432 esse,
290 364 323 415 ut
337 373 453 432 poema,
470 374 569 432 neque
588 365 669 415 extra
683 374 852 427 numerum,
865 363 899 413 ut
918 373 1017 414 sermo
1033 352 1127 431 vulgi,
1139 373 1205 416 esse

200 454 291 514 debet
313 452 574 514 oratio-alterum
599 451 689 512 nimis
713 463 759 513 est
779 451 922 526 vinctum,
941 462 975 512 ut
995 453 1035 513 de
1056 451 1206 513 industria

200 551 311 610 factum
332 560 483 628 appareat,
499 552 625 610 alterum
646 549 735 610 nimis
756 549 944 623 dissolutum,
961 559 994 610 ut
1010 558 1204 628 pervagatum

199 667 240 730 ac
257 649 375 725 vulgare
397 632 551 723 uideatur,
577 658 610 708 ut
631 648 671 708 ab
695 649 789 708 altero
812 667 874 707 non
897 647 1053 721 delectere,
1075 648 1204 708 alterum

139 752 186 820 196
199 744 338 807 oderis-
348 767 357 821 ;
384 744 422 805 sit
446 744 541 823 igitur,
563 755 597 805 ut
617 764 706 823 supra
733 743 803 818 dixi,
825 743 970 822 permixta
989 755 1021 805 et
1040 755 1233 822 temperatas

199 842 330 904 numeris
349 863 406 904 nec
425 842 571 905 dissoluta
589 863 646 904 nec
665 853 728 904 tota
746 862 914 917 numerosa,
933 861 1047 920 paeane
1064 841 1204 916 maxime,

200 940 342 1018 quoniam
364 941 496 1019 optimus
511 951 621 1010 'auctor
642 940 682 1001 ita
703 928 814 1014 censet,
830 942 884 1001 sed
904 939 1024 1018 reliquis
1043 940 1134 1001 etiam
1152 961 1207 1001 nu-

200 1037 296 1112 meris,
312 1058 389 1116 quos
403 1038 612 1118 illeppraeterit,
628 1049 801 1117 temperata.

146 1127 186 1201 58
241 1138 326 1212 Quos
350 1148 450 1198 autem
475 1157 615 1198 numeros
639 1157 709 1198 cum
730 1136 840 1214 quibus
861 1147 1016 1213 tamquam
1040 1154 1228 1214 purpuram
1275 1188 1278 1195 .

200 1234 317 1295 misceri
341 1245 476 1314 oporteat
500 1255 582 1296 nunc
605 1234 768 1314 dicendum
793 1245 838 1295 est
861 1245 952 1312 atque
976 1232 1066 1295 etiam
1091 1233 1204 1311 quibus
1220 1244 1251 1281 ¹0

199 1332 341 1393 orationis
355 1333 512 1412 generibus
527 1333 585 1394 sint
599 1333 711 1411 quique
724 1331 1037 1394 accommodatissimi.
1078 1331 1208 1393 Iambus

199 1429 279 1491 enim
294 1430 550 1509 frequentissimus
571 1442 616 1492 est
637 1430 668 1491 in
682 1430 725 1492 eis
746 1451 823 1509 quae
844 1430 976 1492 demisso
990 1441 1081 1508 atque
1094 1429 1204 1490 humili

139 1551 184 1605 197
199 1547 337 1589 sermone
351 1528 510 1607 dicuntur3
534 1546 639 1607 paean¹
648 1540 749 1590 autem
764 1528 794 1588 in
809 1527 1011 1606 amplioribus,
1026 1527 1059 1587 -in
1074 1539 1204 1606 utroque

199 1627 341 1702 dactylus.
386 1628 493 1704 Itaque
507 1626 538 1686 in
552 1625 633 1688 varia
645 1637 675 1687 et
689 1638 833 1705 perpetua
846 1625 980 1688 oratione
994 1625 1026 1685 hi
1040 1635 1109 1687 sunt
1123 1624 1204 1687 inter
1258 1634 1260 1639 ⁴

199 1744 231 1784 se
258 1723 405 1784 miscendi
433 1734 462 1784 et
490 1723 684 1802 temperandi.
728 1724 777 1785 Sic
801 1724 924 1785 minime
948 1723 1203 1785 animadvertetur
1219 1739 1249 1790 ¹5

199 1821 404 1882 delectationis
425 1821 586 1899 aucupium
607 1833 638 1883 et
658 1823 852 1900 quadrandae
872 1820 1014 1882 orationis
1035 1821 1204 1896 industria3

199 1939 276 1997 quae
290 1919 394 1980 latebit
412 1940 449 1980 eo
470 1920 571 1998 magis,
588 1920 613 1981 si
631 1930 661 1981 et
678 1921 835 1981 verborum
855 1930 885 1981 et
900 1919 1113 1980 sententiarum
1128 1938 1205 1997 pon-

199 2017 324 2078 deribus⁴
340 2029 466 2079 utemur.
510 2021 589 2080 Nam
611 2018 664 2096 qui
687 2018 814 2078 audiunt
838 2020 913 2078 haec
935 2019 996 2078 duo
1017 2017 1205 2078 animadver-

199 2125 265 2175 tunt
279 2128 309 2176 et
323 2115 454 2176 iucunda
468 2115 525 2176 sibi
538 2126 673 2190 censent,
687 2116 778 2176 verba
790 2115 865 2176 dico
874 2125 904 2176 et
919 2114 1088 2188 sententias,
1105 2135 1203 2193 eaque

198 2216 271 2273 dum
285 2212 393 2274 animis
409 2213 529 2274 attentis
547 2213 728 2274 admirantes
745 2212 905 2290 excipiunt,
921 2212 995 2290 fugit
1009 2231 1061 2273 eos
1076 2222 1105 2271 et
1119 2230 1203 2289 prae·
1218 2226 1248 2261 ²0

198 2314 322 2371 tervolat
343 2332 484 2372 numerus
494 2334 503 2386 5
523 2311 575 2389 qui
600 2322 700 2372 tamen
722 2309 746 2371 si
767 2310 893 2385 abesset,
916 2310 967 2370 illa
988 2309 1052 2388 ipsa
1073 2310 1204 2370 delecta-

138 2415 184 2479 198
197 2420 263 2470 rent
277 2409 383 2469 minus.
428 2411 494 2469 Nec
507 2429 578 2476 vero
592 2408 616 2468 is
635 2429 738 2470 cursus
759 2420 805 2469 est
823 2405 1202 2469 numerorum-orationis

198 2507 275 2581 dico,
291 2528 362 2568 nam
381 2518 426 2568 est
444 2509 534 2585 longe
554 2507 638 2568 aliter
658 2506 689 2567 in
710 2506 892 2579 versibus-,
909 2505 983 2565 nihil
1000 2516 1033 2566 ut
1049 2507 1100 2565 fiat
1119 2515 1204 2565 extra

116 2673 118 2679 ,
198 2608 323 2667 modum
335 2627 344 2680 3
379 2604 508 2665 namid
535 2604 658 2682 quidem
686 2615 765 2666 esset
788 2623 897 2682 poema
909 2625 917 2677 ;
946 2604 1000 2664 sed
1022 2601 1120 2663 omnis
1143 2621 1202 2663 nec

198 2692 369 2764 claudicans
386 2722 443 2762 nec
462 2701 547 2779 quasi
567 2704 714 2763 fluctuans
736 2702 789 2762 sed
810 2698 1005 2777 aequabiliter
1018 2709 1201 2760 constanter·
1216 2710 1245 2759 25

172 2822 257 2880 que
284 2787 453 2879 ingrediens
480 2819 639 2870 numerosa
666 2799 793 2861 habetur
825 2797 927 2860 oratio.
979 2800 1080 2875 Atque
1108 2796 1140 2858 id
1168 2796 1202 2857 in

198 2900 329 2960 dicendo
354 2917 546 2959 numerosum
574 2908 702 2977 putatur,
726 2916 789 2957 non
816 2897 899 2975 quod
922 2905 1024 2955 totum·
1044 2905 1162 2957 constat
1183 2915 1201 2956 e

198 2996 337 3069 numeris,
353 2997 407 3056 sed
421 2997 504 3073 quod
518 2996 558 3056 ad
572 3014 712 3055 numeros
726 2993 859 3072 proxime
873 2991 990 3054 accedit
1003 3014 1012 3067 3
1033 3012 1095 3070 quo
1109 2991 1201 3052 etiam

198 3093 345 3155 difficilius
366 3105 412 3154 est
429 3092 562 3153 oratione
583 3091 731 3170 utiquam
746 3090 888 3164 versibus,
905 3091 987 3168 quod
1002 3088 1033 3149 in
1048 3089 1105 3149 illis
1120 3101 1203 3151 certa

198 3194 347 3270 quaedam
369 3201 398 3252 et
422 3189 549 3252 definita
569 3192 617 3250 lex
638 3200 691 3263 est,
715 3209 805 3267 quam
827 3187 913 3265 sequi
934 3186 971 3248 sit
995 3207 1118 3248 necesse
1129 3209 1138 3262 3
1170 3185 1202 3246 in
1217 3197 1248 3247 30

231 3364 246 3396 a
264 3349 376 3397 vinctum
388 3347 426 3396 F:
443 3348 556 3396 iunctum
568 3346 617 3395 Po
706 3360 722 3407 5
739 3347 868 3409 permixta
880 3381 887 3395 .
900 3381 907 3395 .
922 3380 928 3393 .
939 3343 1054 3392 numeris
1065 3343 1113 3392 secl
1135 3343 1205 3393 Bake

198 3414 215 3461 6
231 3428 368 3463 numerosa
379 3413 461 3461 oratio
474 3413 565 3460 ntaluit
574 3411 716 3475 Heerdegen
882 3425 912 3458 ra
929 3410 967 3459 eis
980 3408 1109 3470 Rufinus:
1126 3409 1167 3458 his
1180 3408 1203 3455 L

200 3494 229 3537 14
248 3481 334 3540 itaque
346 3478 477 3539 Rufinus:
495 3475 565 3526 itaL
658 3493 688 3539 19
704 3484 813 3526 censent
824 3473 866 3525 L:
883 3476 1000 3525 sentiunt
1010 3474 1080 3523 Bake
1169 3490 1201 3523 21

198 3544 354 3594 delectarent
366 3544 458 3592 minus.
495 3559 543 3592 nec
554 3559 616 3592 vero
632 3542 773 3606 Heerdegen
785 3560 791 3592 :
809 3542 967 3591 delectarent
979 3555 1027 3590 nec
1039 3555 1101 3588 vero
1116 3540 1203 3589 minus

196 3609 219 3657 L
349 3623 381 3672 25
398 3610 445 3657 sed
457 3607 542 3659 Bake:
559 3616 587 3658 et
598 3606 628 3655 L·
714 3607 883 3671 aequabiliter
893 3607 1007 3658 Scaeae
1023 3605 1167 3668 aequaliter
1179 3605 1201 3654 L
