2588 4178
560 201 725 261 BRVTVS
1123 199 1142 259 8
1156 224 1185 274 3¹

141 368 300 446 antiquior,
317 371 370 431 sed
389 371 472 443 haec,
488 369 519 430 in
538 390 598 448 qua
617 369 761 431 debonis
780 370 869 430 rebus
890 384 919 431 et
939 369 1023 431 malis
1043 372 1142 448 deque

141 467 300 527 hominum
315 467 375 528 vita
388 480 418 529 et
432 468 565 529 moribus
578 469 754 548 disputatur,
767 468 888 530 inventa
901 469 1017 530 dicitur.
1048 471 1142 545 Quod

141 565 286 643 quoniam
307 586 400 644 genus
419 567 459 628 ab
479 569 538 628 hoc
555 569 638 646 quod
657 568 867 646 proposuimus
884 569 1031 643 abhorret,
1048 570 1142 648 philo

141 665 255 741 sophos
277 663 358 725 aliud
380 664 411 723 in
434 678 552 742 tempus
574 665 748 740 reiciamus;
777 668 816 727 ad
837 678 976 740 oratores,
995 687 1013 728 a
1032 667 1141 744 quibus

112 780 127 828 5
140 760 266 838 digressi
280 781 392 835 sumus,
407 775 594 823 revertamur.
638 763 758 823 Exstitit
773 762 860 840 igitur
874 763 932 823 iam
948 764 1069 825 senibus
1083 763 1140 825 illis
1155 779 1184 828 3²

141 877 219 935 quos
240 861 331 936 paulo
351 870 421 920 ante
443 859 571 920 diximus
597 862 752 934 Isocrates,
777 860 862 921 cuius
884 862 993 922 domus
1014 874 1141 923 cunctae

141 955 287 1016 Graeciae
301 956 386 1041 quasi
401 958 489 1017 ludus
504 956 627 1035 quidam
647 958 742 1037 patuit
760 970 851 1036 atque
865 958 984 1019 officina
1001 959 1140 1034 dicendi;

141 1073 269 1131 magnus
296 1066 394 1115 orator
418 1066 448 1115 et
472 1057 619 1133 perfectus
647 1055 793 1134 magister,
820 1077 1002 1135 quamquam
1031 1056 1141 1117 forensi

140 1153 210 1212 luce
224 1151 317 1211 caruit
331 1151 467 1230 intraque
481 1152 607 1230 parietes
623 1152 697 1213 aluit
714 1173 780 1213 eam
800 1153 922 1231 gloriam
938 1174 1029 1232 quam
1050 1175 1140 1216 nemo

97 1272 128 1307 ιο
142 1267 213 1308 meo
228 1247 351 1325 quidem
365 1248 476 1310 iudicio
491 1260 536 1309 est
555 1261 660 1327 postea
676 1262 863 1310 consecutus.
907 1252 938 1311 ls
952 1263 982 1311 et
996 1250 1059 1328 ipse
1074 1250 1141 1310 scri-

142 1344 202 1423 psit
218 1347 311 1405 multa
329 1348 478 1423 praeclare
497 1356 527 1407 et
546 1346 649 1406 docuit
668 1346 742 1406 alios
752 1369 760 1421 3
781 1359 898 1408 etcum
918 1360 1016 1408 cetera
1035 1349 1140 1408 melius

141 1463 234 1520 quam
254 1442 420 1520 superiores
439 1454 504 1502 tum
523 1443 635 1521 primus
654 1443 797 1504 intellexit
816 1445 905 1505 etiam
923 1445 953 1505 in
968 1449 1065 1507 soluta
1079 1466 1142 1506 ora·

141 1540 234 1613 tione,
255 1541 328 1618 dum
349 1560 468 1600 versum
488 1542 642 1618 effugeres,
663 1543 787 1602 modum
809 1553 910 1603 tamen
931 1555 961 1605 et
982 1563 1139 1604 numerum

142 1639 296 1716 quendam
323 1650 460 1716 oportere
490 1639 605 1699 servari.
658 1625 738 1700 Ante
765 1641 847 1701 hunc
874 1641 955 1701 enim
982 1642 1139 1702 verborum
1154 1665 1184 1714 33

98 1765 128 1814 15
142 1736 229 1814 quasi
249 1747 396 1796 structura
416 1747 447 1796 et
468 1737 616 1814 quaedam
638 1732 678 1796 ad
702 1757 859 1798 numerum
881 1740 1035 1801 conclusio
1060 1742 1141 1799 nulla

142 1845 205 1894 erat
225 1845 287 1909 aut,
301 1827 326 1892 si
346 1834 468 1911 quando
489 1846 561 1913 erat,
576 1854 637 1894 non
657 1837 819 1912 apparebat
840 1856 907 1896 eam
927 1837 1030 1897 dedita
1050 1857 1141 1915 opera

143 1951 209 1992 esse
224 1931 507 2009 quaesitam—quae
522 1932 643 1992 forsitan
657 1934 722 1992 laus
737 1932 782 2006 sit,
798 1953 900 1993 verum
918 1946 1018 1994 tamen
1036 1946 1140 1996 natura

144 2029 237 2106 magis
252 2041 315 2088 tum
326 2049 466 2107 casuque,
479 2050 540 2091 non
552 2049 695 2106 umquam
709 2042 760 2090 aut
774 2030 888 2092 ratione
901 2031 1001 2109 aliqua
1014 2045 1065 2092 aut
1080 2034 1140 2093 ulla

143 2127 350 2188 observatione
378 2127 477 2187 fiebat.
529 2130 599 2204 Ipsa
626 2127 705 2187 enim
734 2139 839 2187 natura
866 2128 1139 2207 circumscriptione
1153 2152 1186 2203 34

98 2255 130 2287 20
143 2226 275 2303 quadam
295 2225 452 2284 verborum
474 2225 703 2302 comprehendit
720 2224 933 2303 concluditque
952 2227 1137 2300 sententiam,

144 2342 222 2400 quae
236 2342 305 2381 cum
320 2321 397 2399 aptis
411 2322 572 2382 constricta
586 2322 683 2382 verbis
697 2334 752 2396 est,
765 2323 847 2383 cadit
861 2323 950 2383 etiam
964 2326 1140 2401 plerumque

143 2440 309 2480 numerose.
346 2422 426 2480 Nam
441 2433 471 2480 et
484 2441 570 2480 aures
584 2420 666 2499 ipsae
687 2421 759 2498 quid
774 2425 905 2500 plenum,
916 2421 988 2498 quid
1003 2421 1092 2482 inane
1103 2422 1141 2482 sit

143 2518 277 2578 iudicant
295 2528 325 2578 et
344 2518 446 2596 spiritu
466 2519 550 2596 quasi
570 2520 746 2580 necessitate
764 2520 863 2596 aliqua
881 2521 1039 2580 verborum
1061 2541 1141 2581 com·

142 2615 301 2694 prehensio
323 2615 513 2690 terminatur3
537 2616 568 2676 in
590 2638 651 2694 quo
672 2634 733 2676 non
752 2619 845 2677 modo
866 2617 954 2677 defici
975 2620 1028 2678 sed
1050 2618 1139 2679 etiam

98 2743 110 2774 2
114 2741 129 2789 5
143 2715 276 2774 laborare
290 2725 375 2790 turpe
390 2726 442 2774 est.
486 2716 565 2773 Tum
586 2714 640 2774 fuit
655 2713 758 2791 Lysias
778 2714 842 2792 ipse
855 2715 983 2793 ,quidem
998 2717 1029 2775 in
1043 2717 1140 2777 causis

143 2809 310 2871 forensibus
331 2830 393 2870 non
410 2824 550 2885 versatus,
567 2815 620 2872 sed
640 2812 754 2889 egregie
773 2811 889 2872 subtilis
908 2813 1032 2890 scriptor
1050 2826 1141 2891 atque

143 2911 273 2985 elegans,
284 2927 374 2985 quern
389 2906 446 2967 iarn
462 2928 556 2986 prope
570 2911 680 2969 audeas
691 2921 838 2970 oratorem
853 2913 1017 2987 perfectum
1032 2911 1139 2972 dicere.

144 3007 223 3064 Nam
238 3007 327 3082 plane
341 3005 464 3082 quidem
479 3009 643 3084 perlectum
658 3019 687 3067 et
702 3007 774 3085 quoi
793 3006 867 3067 nihil
884 3010 1049 3069 admodum
1064 3010 1142 3070 desit

1155 2671 1176 2730 9

1155 2761 1185 2814 35

176 3162 192 3208 8
209 3167 235 3209 et
244 3161 372 3221 perlectus
381 3163 559 3222 magistersecl.
568 3163 636 3211 Bake
645 3162 924 3226 (cſsRufin.p.1890n)
995 3180 1025 3214 ro
1037 3166 1141 3227 quidem

143 3240 202 3274 meo
218 3225 317 3274 BHM:
340 3227 441 3286 quidem
459 3243 508 3276 om.
528 3226 617 3289 Rufin.
720 3230 749 3275 18
767 3245 818 3277 non
839 3246 951 3293 unquam
968 3230 1055 3279 Peter:
1078 3248 1141 3280 non·

143 3306 272 3353 nunquam
284 3291 372 3339 autL:
391 3308 580 3355 nonnumquam
592 3294 659 3341 haud
669 3292 770 3354 Rufina
787 3303 878 3343 natura
890 3297 1009 3353 magistra
1020 3312 1139 3358 casuque,

143 3371 319 3419 nonunquam
332 3357 456 3405 Baehrens
521 3374 596 3420 quarn
614 3358 671 3405 add.
685 3359 770 3421 vulga:
792 3376 842 3408 om.
855 3361 877 3407 L
890 3360 1011 3422 etRufin.
1090 3362 1142 3411 ulla

143 3420 240 3468 addidit
248 3422 378 3471 Fleckeisen
389 3439 418 3470 ex
427 3423 523 3484 Rufino
603 3439 636 3471 20
653 3425 787 3472 verborum
798 3426 851 3473 secl.
860 3423 953 3474 Schelle
1034 3442 1141 3475 a1con-

143 3487 232 3534 stricta
243 3487 307 3536 FO:
325 3489 514 3550 circumscripta
526 3487 592 3537 codd.
605 3506 611 3537 ε
629 3496 725 3536 structa
735 3489 804 3537 Bake
847 3492 879 3539 26
895 3499 1011 3541 versatus
1025 3493 1062 3542 0²
1073 3500 1142 3542 vetus

144 3553 176 3600 28
193 3553 232 3600 cui
245 3553 331 3616 vulga:
348 3570 399 3615 quo
411 3553 475 3602 FO:
492 3553 532 3602 cui
543 3570 596 3616 quo
608 3553 664 3603 G¹z
681 3555 708 3602 in
720 3570 771 3617 quo
782 3554 849 3623 codd.
