2588 4178
131 189 177 249 60
192 213 241 250 ’ποι
462 190 505 248 Μ.
535 187 663 246 TVLLI
693 184 925 248 CICERONIS

193 355 361 417 dicimus-
373 378 382 429 ;
411 353 627 415 conlocationis
654 364 755 412 autern
782 373 837 413 eae
857 372 932 430 quas
957 351 1095 425 diximus,
1118 372 1200 412 com-

132 468 179 505 202
193 454 310 532 positio,
339 452 533 525 concinnitas,
564 472 713 512 numerus.
757 452 817 512 Sed
844 450 875 510 in
906 463 1033 528 utroque
1061 452 1199 528 frequen-

193 553 282 612 tiores
303 563 423 612 suntet
444 549 595 611 liberiores
616 561 723 628 poetae
734 571 742 622 ;
762 570 834 610 nam
855 561 885 609 et
905 551 1084 609 transferunt
1107 549 1199 609 verba

193 670 263 710 cum
284 648 415 709 crebrius
431 658 496 707 turn
515 647 605 708 etiam
624 647 767 707 audacius
785 658 815 707 et
834 645 937 724 priscis
954 645 1095 707 libentius
1110 657 1199 706 utun·

194 760 241 807 tur
255 759 284 806 et
299 746 419 807 liberius
434 745 527 806 novis.
571 746 664 821 Quod
678 744 759 805 idem
774 746 808 804 fit
828 743 859 803 in
878 744 1018 818 numeris
1035 743 1197 822 inquibus
1215 757 1230 807 ⁵

195 845 280 923 quasi
304 843 473 905 necessitati
497 863 600 921 parere
623 855 777 920 coguntur.
832 844 892 903 Sed
915 854 1016 903 tamen
1041 844 1116 902 haec
1142 862 1199 902 nec

195 943 283 1002 nimis
306 963 371 1003 esse
392 941 508 1002 diversa
532 961 631 1018 neque
658 944 741 1000 nullo
764 942 856 1000 modo
881 940 1043 1001 coniuncta
1066 940 1200 1017 intellegi

195 1040 272 1100 licet.
317 1042 364 1100 Ita
378 1041 410 1098 fit
425 1051 457 1098 ut
476 1059 538 1099 non
560 1038 631 1099 item
651 1038 681 1098 in
701 1037 835 1099 oratione
857 1050 890 1098 ut
910 1037 941 1097 in
956 1058 1042 1098 versu
1056 1058 1199 1098 numerus

197 1149 290 1198 exstet
300 1137 393 1214 idque
401 1138 486 1213 quod
497 1156 689 1197 numerosum
700 1137 730 1195 in
745 1137 879 1198 oratione
890 1136 998 1197 dicitur
1009 1157 1071 1198 non
1082 1155 1201 1213 semper

197 1255 322 1296 numero
343 1236 402 1307 fiat,
418 1235 473 1306 sed
492 1254 555 1294 non
576 1254 742 1311 numquam
762 1246 814 1294 aut
834 1234 1037 1298 concinnitate
1057 1246 1110 1294 aut
1129 1254 1202 1300 con·
1217 1249 1247 1286 ¹0

136 1351 185 1400 203
198 1331 360 1393 structione
373 1333 539 1392 verborum.
572 1335 619 1391 Ita
633 1332 658 1392 si
671 1352 812 1392 numerus
827 1332 968 1393 orationis
982 1331 1132 1410 quaeritur
1147 1330 1201 1408 qui

198 1430 243 1504 sit,
256 1429 354 1490 omnis
369 1441 421 1502 est,
438 1430 490 1489 sed
505 1429 579 1511 alius
593 1429 652 1488 alio
667 1429 771 1491 melior
784 1442 874 1507 atque
888 1429 985 1507 aptior
993 1452 1002 1504 3
1023 1429 1048 1489 si
1061 1431 1157 1502 locus,
1167 1429 1201 1489 in

198 1526 281 1589 omni
303 1539 386 1605 parte
408 1527 586 1602 verborum;
614 1526 639 1587 si
659 1529 741 1588 unde
763 1539 845 1588 ortus
866 1527 912 1601 sit,
928 1548 964 1588 ex
982 1527 1098 1587 aurium
1119 1529 1203 1588 volu-

198 1637 279 1703 ptate
288 1647 297 1699 3
318 1624 343 1684 si
357 1626 636 1702 componendorum
653 1625 735 1697 ratio
752 1625 867 1686 dicetur
885 1624 944 1686 alio
958 1627 1036 1700 loco,
1050 1624 1121 1703 quia
1138 1646 1203 1703 per-

198 1723 273 1784 tinet
291 1724 330 1783 ad
350 1742 445 1793 usum,
462 1742 540 1799 quae
560 1743 627 1800 pars
645 1735 749 1800 quarta
770 1736 799 1784 et
819 1735 950 1784 extrema
971 1723 1058 1784 nobis
1080 1724 1111 1783 in
1128 1723 1202 1784 divi·
1218 1733 1247 1785 ¹5

199 1822 301 1881 dendo
315 1819 391 1893 suit3
412 1819 437 1879 si
450 1821 489 1880 ad
504 1840 595 1896 quam
610 1841 672 1880 rem
690 1821 875 1893 adhibeatur,
891 1823 930 1882 ad
949 1820 1201 1895 delectationem3

200 1918 225 1978 si
244 1918 377 1995 quand0‚
391 1937 508 1995 semper
517 1939 525 1991 ;
547 1916 571 1976 sl
590 1938 652 1994 quo
671 1920 749 1992 loco,
763 1919 794 1977 in
814 1930 876 1978 tota
895 1919 1121 1979 continuatione
1140 1939 1203 1978 ver-

200 2016 306 2076 borum
317 2036 326 2088 ;
358 2014 482 2091 siquae
509 2035 555 2075 res
583 2015 689 2076 efficiat
716 2019 909 2094 voluptatem,
933 2018 1040 2076 eadem
1065 2037 1142 2094 quae
1170 2016 1201 2076 in

200 2113 341 2186 versibuS,
358 2133 485 2190 quorum
507 2114 631 2172 modum
651 2125 736 2187 notat
756 2134 810 2187 ars,
830 2116 883 2175 sed
904 2134 990 2174 aures
1006 2113 1088 2192 ipsae
1109 2114 1202 2175 tacito

201 2231 270 2270 eum
285 2230 374 2270 sensu
389 2209 453 2270 sine
466 2222 528 2270 arte
542 2210 697 2271 deliniunt.
1217 2217 1248 2253 ²0

153 2274 190 2334 δι
243 2307 319 2368 Satis
340 2310 434 2367 multa
454 2308 493 2368 de
514 2320 619 2368 natura
630 2329 639 2383 ;
666 2308 799 2386 sequitur
819 2329 898 2383 usus,
914 2311 953 2370 de
972 2330 1033 2387 quo
1055 2321 1100 2369 est
1117 2314 1204 2369 accu-

141 2378 191 2429 ²⁰4
202 2405 292 2466 ratius
313 2404 535 2483 disputandum.
581 2408 617 2466 In
638 2426 700 2484 quo
720 2405 888 2484 quaesitum
910 2407 1006 2467 estin
1028 2419 1132 2468 totone
1152 2406 1205 2466 cir-

203 2502 285 2564 cuitu
309 2502 360 2561 illo
384 2501 534 2575 orationis,
557 2523 647 2580 quem
669 2503 775 2563 Graeci
792 2505 928 2581 περίοδον,
950 2525 1006 2565 nos
1029 2517 1092 2564 tum
1112 2504 1205 2564 ambi-

204 2612 276 2673 tum,
300 2613 364 2660 tum
385 2599 550 2673 circuitum,
574 2611 637 2660 tum
656 2602 956 2678 comprehensionem
974 2615 1026 2663 aut
1050 2601 1205 2663 continua·

203 2698 317 2758 tionem
344 2709 396 2756 aut
422 2697 728 2775 circumscriptionem
762 2698 898 2773 dicimus,
927 2718 966 2759 an
994 2700 1025 2759 in
1053 2698 1204 2778 principiis
1219 2718 1250 2768 ²⁵

204 2797 302 2855 solum
316 2815 354 2856 an
370 2794 401 2854 in
415 2795 552 2855 extremis
567 2816 605 2855 an
619 2795 650 2854 in
665 2808 790 2874 utraque
804 2809 886 2874 parte
900 2818 1041 2858 numerus
1056 2801 1204 2858 tenendus

205 2893 260 2967 sit;
281 2892 392 2953 deinde
406 2914 475 2953 cum
489 2893 570 2954 aliud
584 2893 719 2955 videatur
735 2915 800 2956 esse
818 2916 960 2967 numerus
974 2896 1056 2956 aliud
1070 2916 1206 2956 numero-

145 3010 190 3059 205
205 3011 279 3063 sum,
306 2990 380 3067 quid
408 2990 529 3050 intersit.
571 2994 650 3050 Tum
679 3005 780 3053 autem
808 2992 839 3052 in
867 2993 1047 3053 omnibusne
1075 2993 1206 3053 numeris

205 3086 367 3165 aequaliter
394 3087 552 3165 particulas
580 3090 685 3150 deceat
712 3089 844 3150 incidere
867 3111 905 3150 an
928 3092 1024 3150 facere
1046 3089 1118 3149 alias
1143 3091 1207 3151 bre-

206 3184 301 3244 viores
325 3174 397 3244 alias
419 3184 575 3262 longiores
600 3185 691 3263 idque
715 3189 837 3263 quando
858 3201 910 3247 aut
934 3208 1004 3260 cur;
1036 3186 1206 3265 quibusque
1221 3209 1253 3258 30

206 3281 346 3360 partibus,
370 3282 542 3358 pluribusne
564 3304 602 3343 an
623 3283 756 3361 singulis,
775 3284 937 3362 imparibus
958 3306 997 3345 an
1021 3285 1205 3363 aequalibus

241 3453 252 3484 1
272 3437 448 3486 collocationis
470 3435 619 3486 Manutius:
647 3439 830 3488 collocationes
855 3441 875 3488 L
997 3455 1112 3501 ‘lneque
1136 3442 1206 3489 nullo

208 3503 283 3550 modo
302 3501 398 3551 Grillcr:
422 3519 505 3564 neque
522 3503 574 3551 ullo
592 3506 667 3563 modo
685 3503 725 3552 L:
750 3521 835 3567 neque
854 3505 925 3569 nullo
942 3506 1017 3553 modo
1037 3521 1087 3552 non
1106 3504 1209 3568 Seyfflrt

207 3568 224 3614 8
242 3568 276 3615 ita
288 3567 317 3614 fit
330 3604 335 3614 .
348 3603 354 3615 .
367 3603 372 3614 .
386 3569 512 3618 definiunt
524 3569 631 3618 damnat
642 3569 784 3634 Stegmann
910 3585 943 3619 ao
959 3586 1038 3620 sensu
1049 3569 1116 3620 codd.
1130 3570 1186 3621 dett.
1200 3588 1207 3621 ι

206 3648 312 3682 sensum
323 3631 394 3683 FPO
