2588 4178
560 205 725 272 BRVTVS
1097 218 1139 278 44
1155 212 1202 279 ¹⁶4

141 370 311 433 Domitium
326 373 482 450 conlegam
497 391 559 433 non
579 383 624 434 est
643 371 746 445 oratio,
763 372 816 433 sed
833 370 918 449 quasi
932 369 1029 449 capita
1043 392 1140 432 rerum

139 480 170 529 et
186 468 328 530 orationis
342 469 589 532 commentarium
611 472 701 549 paulo
722 468 846 548 plenius.
891 470 983 529 Nulla
1001 480 1046 529 est
1060 468 1141 541 enim

139 567 295 638 altercatio
309 567 489 629 clamoribus
510 587 656 645 umquam
676 567 779 628 habita
800 566 971 628 maioribus.
1015 569 1055 628 Et
1071 586 1142 628 vero
1156 575 1203 640 ¹⁶5

140 665 197 727 fuit
211 666 243 725 in
257 667 317 726 hoc
331 665 420 726 etiam
440 665 591 744 popularis
612 665 706 736 dictio
725 668 873 727 excellens
883 687 892 740 ς
913 664 1027 726 Antoni
1048 684 1142 742 genus

109 771 124 821 5
141 763 264 825 dicendi
279 765 374 824 multo
387 763 486 841 aptius
500 762 617 824 iudiciis
631 775 727 841 quam·
737 762 938 824 contionibus.

184 864 256 923 Hoc
270 863 339 922 loco
352 860 451 940 ipsum
468 860 635 922 Domitium
650 881 712 922 non
726 861 872 939 relinquo.
916 863 996 921 Nam
1010 859 1065 922 etsi
1080 880 1142 921 non
1153 869 1194 931 4⁵

48 1006 49 1009 η
141 959 198 1020 fuit
218 959 250 1018 in
272 971 423 1020 oratorum
451 978 586 1032 numer0‚
612 970 713 1020 tamen
739 978 821 1036 pono
843 957 914 1018 satis
938 957 969 1017 in
994 978 1031 1020 eo
1052 957 1142 1018 fuisse

142 1057 285 1118 orationis
299 1068 390 1134 atque
404 1056 513 1139 ingeni,
529 1076 591 1134 quo
605 1068 635 1117 et
649 1055 836 1134 magistratus
850 1075 1008 1134 personam
1025 1067 1056 1116 et
1074 1075 1143 1116 con-

142 1158 272 1216 sularem
299 1155 476 1233 dignitatem
504 1165 653 1229 tueretur;
684 1156 767 1232 quod
795 1154 877 1215 idem
905 1155 945 1215 de
973 1155 1007 1216 C.
1029 1153 1143 1215 Caelio

99 1278 129 1313 10
143 1252 278 1326 dixerim,
307 1250 483 1312 industriam
512 1251 543 1312 in
578 1270 616 1311 eo
651 1271 798 1314 summam
831 1251 922 1311 fuisse
950 1270 1143 1328 summasque

142 1350 274 1422 virtutes,
298 1348 487 1428 eloquentiae
509 1359 634 1423 tantum,
657 1350 740 1426 quod
762 1359 839 1409 esset
860 1348 891 1407 in
913 1348 1001 1409 rebus
1023 1347 1143 1427 privatis

142 1447 248 1509 amicis
275 1447 347 1522 eius,
369 1447 402 1506 in
426 1467 457 1508 re
480 1447 601 1525 publica
622 1445 714 1524 ipsius
737 1445 873 1525 dignitati
902 1446 980 1507 satis.
1025 1448 1142 1507 Eodem
1159 1450 1206 1501 166

143 1559 280 1624 tempore
295 1547 338 1604 M.
355 1544 529 1605 Herennius
543 1543 574 1603 in
590 1544 790 1605 mediocribus
805 1544 971 1605 oratoribus
986 1543 1093 1604 Latine
1113 1555 1144 1605 et

144 1643 302 1720 diligenter
323 1642 516 1721 loquentibus
540 1654 712 1702 numeratus
737 1654 800 1716 est;
830 1642 881 1719 qui
905 1653 1005 1702 tamen
1027 1661 1144 1702 summa

100 1763 130 1812 15
145 1740 302 1802 nobilitate
315 1738 480 1813 hominem,
495 1739 674 1817 cognatione
694 1739 851 1799 sodalitate
865 1738 1011 1817 conlegio,
1027 1759 1144 1799 summa

138 1825 236 1901 ¹etiam
264 1838 442 1917 eloquentia
473 1842 506 1898 L.
541 1836 712 1915 Philippum
742 1836 774 1897 in
802 1839 973 1898 consulatus
1000 1835 1144 1915 petitione

144 1935 301 2015 superavit.
334 1937 463 1999 Eodem
484 1947 619 2013 tempore
634 1936 668 1997 C.
686 1935 838 2009 Claudius,
855 1934 911 1995 etsi
928 1946 1049 2013 propter
1067 1955 1146 1995 sum·

144 2032 238 2095 ma'm·
255 2033 442 2095 nobilitatem
470 2045 501 2094 et
529 2034 716 2112 singularem¹
732 2033 898 2111 potentiam
923 2053 1048 2111 magnus
1073 2044 1143 2106 erat,

145 2133 248 2194 tamen
262 2133 352 2193 etiam
367 2131 556 2211 eloquentiae
568 2133 719 2209 quandam
735 2131 971 2192 mediocritatem
982 2132 1144 2192 adferebat.

100 2255 131 2290 πο
147 2231 292 2292 Eiusdem
313 2232 373 2291 fere
394 2229 537 2308 temporis
558 2229 613 2290 fuit
634 2250 726 2307 eques
741 2231 898 2289 Romanus
920 2231 954 2290 C.
971 2228 1076 2303 Titius,
1093 2228 1207 2307 qui167

147 2348 217 2389 meo
238 2327 350 2389 iudicio
371 2348 409 2388 eo
430 2327 599 2406 pervenisse
616 2327 733 2388 videtur
749 2347 811 2404 quo
827 2325 924 2404 potuit
945 2329 1006 2388 fere
1020 2326 1144 2387 Latinus

146 2437 247 2488 orator
274 2425 338 2486 sine
361 2425 483 2487 Graecis
507 2425 610 2487 litteris
633 2436 663 2486 et
690 2424 755 2495 sine
781 2427 876 2485 multo
901 2444 957 2484 usu
982 2423 1143 2502 pervenire.

148 2523 251 2584 Huius
273 2522 421 2584 orationes
444 2534 561 2584 tantum
583 2522 771 2601 argutiarum,
792 2533 908 2582 tantum
931 2525 1144 2600 exemplorum,

146 2633 265 2682 tantum
286 2621 461 2681 urbanitatis
484 2623 604 2694 habent,
628 2632 661 2680 ut
685 2640 781 2698 paene
803 2619 906 2679 Attico
931 2619 999 2679 stilo
1020 2619 1145 2696 scriptae

102 2745 133 2795 ²5
147 2740 213 2781 esse
235 2712 407 2780 videantur.
451 2720 582 2780 Easdem
607 2717 734 2797 argutias
759 2717 790 2777 in
815 2716 981 2793 tragoedias
1006 2716 1075 2776 satis
1096 2715 1146 2776 ille

147 2818 270 2896 quidem
291 2828 386 2890 acute,
403 2817 457 2877 sed
478 2823 582 2895 parum
604 2815 713 2893 tragice
734 2814 889 2874 transtulit.
934 2804 1033 2889 Quein
1048 2815 1147 2874 stude-

146 2918 199 2976 bat
219 2914 327 2974 imitari
348 2917 382 2974 L.
399 2913 539 2975 Afranius
559 2925 657 2991 poeta,
678 2914 771 2973 homo
790 2922 970 2990 perargutus‚
986 2911 1017 2970 in
1039 2910 1146 2984 fabulis

146 3013 271 3091 quidem
291 3012 389 3084 etiam,
412 3023 445 3072 ut
463 3011 551 3084 scitis,
574 3011 708 3073 disertus.
753 3010 822 3070 Fuit
843 3009 932 3070 etiam
955 3012 992 3085 Q.
1015 3008 1145 3069 Rubrius
1161 3018 1208 3068 168

147 3115 251 3193 ¹Varro,
267 3109 318 3188 qui
333 3131 351 3170 a
365 3121 470 3170 senatu
489 3108 583 3170 hostis
597 3129 667 3169 cum
682 3111 716 3171 C.
735 3107 834 3168 Mario
848 3107 995 3168 iudicatus
1010 3118 1062 3179 est,
1078 3125 1146 3181 acer

100 3230 134 3281 ³0
147 3221 178 3271 et
192 3211 354 3269 vehemens
364 3218 527 3280 accusator,
538 3206 568 3265 in
583 3206 620 3266 eo
628 3193 738 3284 genere
750 3226 821 3265 sane
835 3192 1005 3283 probabilis.
1030 3207 1146 3264 Doctus

146 3318 247 3388 autem
259 3304 380 3367 Graecis
391 3304 494 3365 litteris
503 3304 688 3382 propinquus
697 3315 805 3390 noster,
819 3304 915 3362 factus
925 3302 1144 3374 addicendum,

181 3478 211 3511 12
229 3459 396 3526 dignitatisL
570 3476 607 3523 13,
623 3475 652 3521 14
671 3460 799 3509 Latine..
814 3496 820 3509 .
836 3457 1000 3521 loquentibus
1011 3457 1062 3505 secl.
1070 3455 1146 3519 Kras-

138 3529 193 3590 sert
261 3588 262 3591 Ἴ
291 3543 319 3591 17
338 3525 484 3577 ClodiusL
596 3528 626 3573 18
644 3526 785 3588 potentiam
805 3523 846 3572 L:
872 3524 1036 3586 prudentiam
1055 3521 1150 3585 Campe

145 3602 296 3708 gtpntrplm
308 3594 485 3654 exemplorum
503 3593 555 3640 scel.
568 3592 667 3655 Kayser
763 3604 792 3650 31
811 3591 893 3639 sactus
906 3589 945 3637 L:
964 3596 1039 3637 natus
1057 3587 1149 3636 maluit

184 3675 209 3708 er
225 3676 241 3708 a
795 3673 797 3677 ’
