2588 4178
131 195 184 256 dd
200 198 245 256 nt
464 181 509 240 M.
538 183 666 242 TVLLI
696 181 929 244 CICERONIS

196 358 302 420 motos,
316 345 487 426 praesertim
502 367 580 420 cum,
591 358 624 407 ut
638 349 679 421 fit,
689 344 811 407 fortuito
826 366 915 428 saepe
928 344 1041 424 aliquid
1055 349 1201 408 concluse

196 458 325 524 apteque
346 445 487 506 dicerent.
534 447 627 521 Quod
648 465 716 504 cum
741 444 858 504 animos
880 443 1038 504 hominum
1058 445 1200 522 aurisque

197 543 367 620 pepulisset,
384 554 416 602 ut
430 542 561 619 intellegi
578 554 679 620 posset
698 543 729 602 id
749 543 832 618 quod
851 561 938 602 casus
951 541 1110 602 *effudisset
1124 541 1200 602 ceci·

196 640 277 700 disse
290 640 429 713 iucunde,
440 643 606 700 notandum
621 650 701 701 certe
709 659 807 717 <genus
820 651 912 717 atque
923 639 979 716 ipsi
993 639 1049 700 sibi
1060 639 1199 700 imitandi

196 739 324 798 fuerunt.
368 740 456 814 Ipsae
470 738 550 797 enim
569 757 654 798 aures
668 740 715 798 vel
729 737 847 796 animus
860 737 975 796 aurium
994 736 1101 797 nuntio
1115 749 1200 797 natu-
1213 753 1229 803 5

196 838 288 897 ralem
303 837 453 912 quandam
474 835 505 894 in
524 855 557 896 se
575 836 709 896 continet
722 855 830 895 vocum
850 835 986 895 omnium
1001 835 1200 896 mensionem.

137 941 184 1006 178
198 937 305 1010 Itaque
316 944 345 993 et
357 933 490 1010 longiora
500 944 530 994 et
541 933 675 995 breviora
688 933 801 992 iudicat
812 944 841 993 et
851 935 982 1010 perlecta
995 952 1031 992 ac
1046 934 1203 994 moderata

197 1051 315 1109 semper
327 1041 495 1107 exspectat;
517 1031 622 1091 mutila
636 1030 725 1090 sentit
735 1032 884 1108 quaedam
899 1041 929 1090 et
939 1030 1024 1107 quasi
1035 1032 1200 1103 decurtata,

197 1129 307 1208 quibus
330 1140 484 1205 tamquam
505 1128 610 1188 debito
637 1120 789 1188 fraudetur
816 1127 983 1200 offenditur,
1007 1127 1202 1204 productiora

197 1227 254 1286 alia
275 1238 306 1286 et
326 1226 411 1303 quasi
433 1226 658 1287 immoderatius
679 1225 870 1297 excurrentia,
894 1245 971 1303 quae
993 1225 1086 1303 magis
1107 1225 1199 1285 etiam
1217 1248 1248 1282 10

197 1336 392 1402 aspernantur
418 1344 504 1384 aures
517 1347 525 1399 ς
554 1327 637 1402 quod
665 1343 735 1384 cum
763 1323 795 1382 in
822 1322 971 1400 plerisque
995 1334 1059 1383 tum
1084 1322 1115 1381 in
1140 1325 1201 1383 hoc

197 1442 304 1499 genere
332 1421 458 1481 nimium
486 1424 568 1499 quod
597 1433 641 1482 est
669 1421 795 1481 offendit
818 1421 1031 1481 vehementius
1049 1440 1140 1498 quam
1170 1421 1202 1482 id

198 1522 280 1597 quod
308 1519 425 1579 videtur
448 1540 561 1597 parum.
605 1523 646 1578 Vt
668 1519 757 1596 igitur
778 1519 915 1596 poeticae
935 1538 1037 1579 versus
1061 1518 1203 1578 inventus

198 1630 242 1678 est
265 1617 474 1678 terminatione
497 1618 621 1690 aurium,
644 1617 852 1678 observatione
877 1617 1078 1694 prudentium,
1101 1616 1144 1676 sic
1169 1617 1201 1676 in

198 1716 332 1777 oratione
350 1715 589 1776 animadversum
608 1728 661 1787 est,
677 1717 773 1774 multo
791 1714 865 1774 illud
885 1712 1008 1792 quidem
1030 1714 1247 1794 serius,sed15

198 1815 304 1876 eadem
322 1826 428 1872 natura
445 1815 636 1886 admonente,
652 1833 718 1873 esse
732 1814 880 1890 quosdam
899 1823 995 1872 certos
1014 1831 1117 1871 cursus
1131 1831 1203 1872 con·

199 1911 408 1988 clusionesque
422 1912 588 1971 verborum.

140 2025 188 2080 179
241 2008 394 2085 Quoniam
422 2009 510 2086 igitur
537 2029 656 2069 causam
686 2027 807 2086 quoque
838 2006 1034 2079 ostendimus,
1063 2018 1202 2067 naturam

199 2106 354 2167 nunc—id
378 2106 459 2167 enim
484 2118 546 2167 erat
570 2105 756 2166 tertium-si
777 2108 875 2182 placet
895 2105 1077 2182 explicemus
1088 2127 1096 2179 3
1123 2125 1203 2183 quae

199 2204 362 2283 disputatio
387 2225 449 2264 non
473 2203 561 2263 huius
586 2202 712 2263 instituti
741 2202 886 2263 sermonis
909 2213 963 2275 est,
987 2203 1041 2262 sed
1065 2202 1135 2262 artis
1159 2203 1202 2262 in·
1217 2229 1250 2264 πο

199 2304 297 2363 timae.
342 2301 453 2378 Quaeri
478 2301 558 2362 enim
582 2311 689 2378 potest,
712 2301 763 2378 qui
784 2301 825 2360 sit
838 2300 987 2360 ’orationis
1009 2320 1151 2360 numerus
1172 2311 1204 2360 et

200 2401 253 2461 ubi
268 2401 305 2460 sit
319 2400 434 2478 positus
453 2410 483 2459 et
500 2409 587 2458 natus
607 2419 643 2458 ex
658 2418 726 2476 quo,
743 2410 773 2458 et
791 2398 816 2457 is
835 2418 953 2458 unusne
972 2397 1010 2458 sit
1028 2419 1066 2458 an
1084 2400 1147 2458 duo
1163 2419 1203 2458 an

199 2501 298 2576 plures
327 2517 446 2575 quaque
474 2495 587 2556 ratione
614 2508 812 2574 componatur
838 2507 869 2556 et
895 2497 935 2556 ad
962 2516 1053 2572 quam
1081 2516 1144 2557 rem
1173 2507 1205 2556 et

200 2597 324 2674 quando
343 2607 372 2655 et
389 2614 451 2671 quo
469 2595 537 2653 loco
556 2604 586 2653 et
603 2614 692 2671 quem
714 2595 753 2654 ad
772 2595 897 2653 modum
916 2591 1068 2653 adhibitus
1088 2592 1204 2672 aliquid

140 2700 190 2750 180
200 2693 360 2772 voluptatis
381 2694 502 2774 adferat.
549 2694 609 2752 Sed
630 2703 663 2750 ut
682 2691 712 2751 in
734 2691 883 2770 plerisque
910 2691 998 2752 rebus
1023 2691 1065 2751 sic
1089 2691 1120 2750 in
1146 2695 1204 2752 hac
1219 2714 1251 2765 ²5

201 2791 311 2867 duplex
341 2777 393 2847 est'
413 2784 623 2846 considerandi
650 2785 698 2844 via
728 2806 853 2862 quarum
884 2787 977 2844 altera
1006 2798 1050 2844 est
1077 2786 1205 2864 longior,

148 2893 189 2955 54
201 2887 319 2949 brevior
339 2887 437 2957 altera,
455 2879 565 2944 ¹eadem
586 2883 676 2944 etiam
698 2883 821 2960 planior.
866 2885 920 2941 Est
940 2894 1041 2942 autem
1062 2884 1206 2961 longioris

201 2985 296 3062 prima
324 2984 374 3043 illa
398 2981 534 3060 quaestio
561 2980 637 3040 sitne
664 2981 790 3056 omnino
817 2982 877 3040 ulla
905 3000 1064 3041 numerosa
1091 2984 1186 3045 oratio
1198 3006 1207 3058 ;

202 3085 382 3162 quibusdam
403 3081 483 3142 enim
503 3099 565 3139 non
580 3079 707 3153 videtur,
720 3080 791 3157 quia
807 3079 882 3138 nihil
900 3078 970 3138 insit
984 3079 1015 3138 in
1032 3100 1068 3141 ea
1084 3081 1157 3140 certi
1172 3094 1206 3143 ut

201 3183 232 3243 in
249 3181 391 3253 versibus
410 3192 440 3240 et
456 3180 539 3256 quod
560 3177 624 3255 ipsi,
644 3177 696 3255 qui
713 3178 873 3238 adfirment
893 3197 958 3237 esse
980 3197 1031 3238 eos
1053 3198 1203 3256 numeros,
1220 3202 1253 3252 30

236 3344 252 3391 5
272 3330 344 3392 ipsae
356 3329 425 3376 enim
437 3343 514 3375 aures
526 3325 593 3377 codd.
607 3325 681 3376 deta:
699 3327 755 3388 ipse
767 3327 833 3375 enim
846 3325 872 3373 A
886 3343 892 3375 r
909 3342 985 3375 aures
996 3327 1065 3374 enlm
1078 3325 1101 3374 L
1188 3330 1206 3376 6

203 3396 391 3444 dimensionem
404 3392 571 3441 molur'tRer'd
666 3394 683 3440 8
700 3394 773 3454 quasi
785 3399 812 3441 et
824 3391 858 3439 A
952 3407 982 3440 1o
999 3392 1049 3440 alia
1060 3391 1102 3452 L;
1119 3392 1206 3454 aliqua

202 3462 229 3509 A
357 3475 387 3520 13
404 3460 521 3521 poeticae
538 3461 581 3520 (sc.
595 3458 668 3521 artas)
681 3457 822 3506 Fn'edrichr
841 3457 943 3519 poetica
954 3465 980 3506 et
992 3455 1032 3506 L':
1048 3459 1101 3506 secl.
1112 3458 1185 3517 John
1199 3477 1205 3508 ε

204 3533 298 3589 poetae
310 3523 353 3573 A:
371 3525 396 3572 in
409 3525 509 3585 poetica
519 3522 614 3572 Schultz
723 3539 755 3571 aa
773 3530 799 3571 et
812 3524 834 3572 is
851 3558 857 3571 .
877 3557 883 3572 .
903 3559 909 3570 .
927 3522 1016 3585 plures
1026 3524 1078 3572 secl.
1091 3522 1208 3572 Hoerner

204 3607 237 3655 30
254 3590 303 3654 ipsi
316 3590 355 3640 L:
372 3589 408 3639 illl
420 3590 445 3639 Α
460 3607 466 3641 :
483 3589 519 3639 illi
530 3590 580 3651 ipsi
593 3587 687 3654 Stangl
751 3590 875 3639 affirmant
887 3588 922 3651 A,
936 3588 1004 3652 quod
1013 3587 1168 3638 tueturRer‘d
