2588 4178
529 217 707 278 ORATOR
1093 228 1125 289 17
1140 235 1173 287 54

126 405 234 463 genere
252 385 406 464 quaerenti
424 385 565 464 respondi
583 385 673 446 etiam
692 385 820 447 breviter
837 387 877 447 de
897 385 1078 447 inveniendo
1097 397 1126 446 et

126 486 365 561 conlocando—,
385 505 423 545 ne
444 505 525 546 nunc
548 484 670 563 quidem
691 487 787 545 solum
809 487 847 546 de
872 484 1013 545 orationis
1033 485 1127 544 modo

126 580 224 641 dicam
247 583 301 643 sed
325 582 416 643 etiam
438 584 478 643 de
499 581 642 643 actionis:
667 581 708 642 ita
729 582 935 660 praetermissa
956 602 1022 661 pars
1045 583 1127 642 nulla

126 678 188 753 erit,
204 682 327 758 quando
346 681 469 758 quidem
485 683 528 767 ¹de
546 669 690 741 memoria
708 680 783 740 nihil
802 691 846 741 est
865 682 1008 741 hocloco
1027 680 1127 741 dicen·

97 777 207 853 5dum‚
234 797 312 855 quae
335 777 504 838 communis
526 789 571 838 est
595 780 755 838 multarum
779 776 894 838 artium.
938 779 1009 853 Quo
1033 779 1126 838 modo
1140 795 1170 850 ⁵5

125 880 225 934 autem
239 874 365 948 dicatur,
373 874 404 935 id
419 886 464 935 est
478 874 509 934 in
529 875 656 947 duobus,
673 875 704 935 in
720 876 837 953 agendo
856 886 886 935 et
900 873 931 934 in
945 877 1124 953 eloquendo.

127 973 181 1031 Est
205 971 286 1032 enim
309 971 389 1032 actio
413 971 498 1049 quasi
526 971 657 1050 corporis
682 973 830 1049 quaedam
855 972 1032 1050 eloquentia,
1056 992 1125 1032 cum

126 1079 243 1129 constet
256 1090 274 1130 e
287 1089 362 1130 voce
378 1079 469 1148 atque
484 1081 576 1130 motu.
616 1069 708 1130 Vocis
723 1069 902 1130 mutationes
917 1069 1042 1131 totidem
1057 1081 1127 1129 sunt

126 1176 200 1243 quot
220 1165 397 1241 animorum,
418 1166 470 1244 qui
494 1166 623 1228 maxime
643 1187 718 1227 voce
741 1177 975 1227 commoventur.
1020 1169 1127 1244 Itaque

82 1287 114 1323 ιο
126 1263 176 1324 ille
205 1267 361 1342 perfectus,
391 1284 482 1342 quem
513 1264 573 1324 iam
605 1265 720 1325 dudum
752 1276 852 1325 nostra
883 1264 995 1324 indicat
1021 1264 1126 1338 oratio,

127 1372 291 1440 utcumque
312 1382 344 1422 se
364 1364 517 1423 adfectum
538 1361 631 1422 videri
653 1373 683 1422 et
702 1361 836 1421 animum
851 1361 1000 1422 audientis
1014 1361 1127 1421 moveri

126 1457 214 1528 volet,
238 1455 279 1515 ita
303 1466 416 1516 certum
438 1456 520 1516 vocis
544 1455 717 1516 admovebit
741 1475 867 1531 sonum3
894 1457 933 1515 de
957 1475 1019 1533 quo
1043 1457 1127 1533 plura

127 1552 265 1627 dicerem,
290 1536 314 1613 si
339 1555 398 1614 hoc
421 1552 624 1631 praecipiendi
646 1553 763 1629 tempus
786 1563 864 1614 esset
887 1563 939 1613 aut
962 1552 986 1611 si
1011 1564 1043 1612 tu
1068 1553 1127 1612 hoc

127 1670 291 1727 quaereres.
335 1649 474 1711 Dicerem
494 1650 583 1711 etiam
603 1652 642 1710 de
662 1661 756 1727 gestu,
774 1670 844 1710 cum
863 1670 924 1728 quo
944 1649 1062 1710 iunctus
1082 1660 1127 1709 est

83 1749 243 1823 15vultus3
269 1747 379 1826 quibus
406 1747 547 1808 omnibus
571 1748 631 1808 dici
652 1747 700 1807 vix
723 1758 823 1826 potest
846 1759 991 1825 quantum
1014 1745 1127 1807 intersit

127 1864 217 1923 quem
236 1847 276 1906 ad
297 1847 422 1906 modum
441 1856 541 1906 utatur
559 1857 664 1907 orator.
708 1846 788 1904 Nam
807 1856 837 1905 et
852 1844 979 1905 infantes
999 1843 1126 1904 actionis
1142 1847 1174 1912 56

127 1942 271 2020 dignitate
291 1942 481 2020 eloquentiae
501 1963 590 2022 saepe
610 1944 739 2003 fructum
760 1943 891 2002 tulerunt
909 1952 939 2002 et
958 1940 1059 2002 diserti
1077 1943 1127 2002 de-

127 2041 276 2101 formitate
299 2040 408 2118 agendi
432 2041 518 2100 multi
542 2040 670 2100 infantes
694 2039 789 2118 putati
812 2050 899 2113 sunt;
926 2051 959 2099 ut
980 2037 1039 2098 iam
1063 2059 1125 2099 non

128 2136 193 2198 sine
211 2157 302 2197 causa
321 2140 542 2199 Demosthenes
561 2136 695 2198 tribuerit
711 2148 741 2198 et
754 2136 864 2215 primas
883 2147 912 2196 et
931 2138 1078 2197 secundas
1097 2147 1127 2197 et

83 2253 116 2290 πο
128 2233 228 2294 tertias
251 2233 381 2309 actioni3
412 2234 437 2294 si
461 2235 541 2296 enim
569 2233 741 2313 eloquentia
767 2235 850 2294 nulla
876 2233 940 2295 sine
957 2235 1028 2306 hac,
1052 2235 1127 2296 haec

127 2342 228 2410 autem
246 2331 310 2392 sine
327 2331 498 2409 eloquentia
515 2343 597 2392 tanta
613 2343 666 2404 est,
682 2343 762 2393 certe
775 2331 936 2410 plurimum
951 2331 982 2390 in
996 2332 1127 2393 dicendo

127 2439 234 2507 potest.
276 2431 367 2490 Volet
387 2428 475 2507 igitur
495 2429 544 2490 ille
559 2429 610 2507 qui
630 2428 819 2507 eloquentiae
832 2428 1030 2507 principatum
1045 2440 1127 2507 petet

127 2537 157 2587 et
180 2537 323 2587 contenta
346 2545 421 2587 voce
447 2526 585 2587 atrociter
611 2526 710 2587 dicere
738 2537 768 2587 et
790 2525 948 2587 summissa
971 2527 1076 2587 leniter
1097 2538 1128 2588 et

127 2622 270 2684 inclinata
286 2622 379 2685 videri
395 2623 490 2702 gravis
509 2635 539 2684 et
552 2626 660 2685 inflexa
679 2623 854 2685 miserabilis
863 2646 872 2697 3
894 2623 967 2683 mira
983 2637 1029 2686 est
1046 2624 1127 2686 enim
1141 2637 1172 2692 εγ

83 2740 96 2774 π
100 2739 114 2790 5
128 2719 276 2795 quaedam
295 2728 401 2778 natura
413 2717 504 2791 vocis,
519 2716 604 2777 cuius
618 2717 741 2795 quidem
756 2738 773 2777 e
787 2717 881 2778 tribus
897 2717 1021 2778 omnino
1035 2718 1125 2792 sonis,

127 2813 237 2875 inflexo
255 2824 345 2875 acuto
363 2815 452 2892 gravi,
468 2825 550 2875 tanta
567 2814 604 2875 sit
620 2825 725 2875 ettam
745 2813 842 2886 suavis
856 2813 981 2875 varietas
997 2818 1128 2894 perlecta

127 2913 157 2970 in
178 2910 324 2972 cantibus
369 2915 424 2972 Est
443 2923 544 2972 autem
565 2911 656 2973 etiam
677 2912 708 2971 in
727 2911 858 2973 dicendo
879 2911 1001 2989 quidam
1022 2925 1127 2973 cantus
1141 2909 1175 2968 18

127 3008 288 3083 obscurior,
309 3029 371 3070 non
395 3009 445 3070 hic
469 3030 486 3070 e
509 3010 636 3087 Phrygia
658 3020 687 3070 et
708 3009 796 3071 Caria
817 3012 968 3070 rhetorum
993 3010 1127 3088 epilogus

127 3125 223 3183 paene
244 3106 405 3180 canticum,
431 3110 485 3168 sed
506 3107 555 3167 ille
573 3127 663 3185 quern
688 3106 834 3185 significat
854 3109 1075 3168 Demosthenes
1097 3119 1128 3168 et

81 3221 115 3270 30
127 3203 301 3277 Aeschines,
325 3225 394 3265 curn
422 3207 496 3266 alter
521 3205 606 3265 alteri
634 3204 727 3266 obicit
754 3205 836 3265 vocis
864 3203 1005 3265 flexiones
1015 3228 1023 3279 ;
1054 3204 1127 3266 dicit

160 3359 303 3421 qcumL:
326 3376 392 3422 quae
404 3359 505 3408 Ernesti
563 3396 564 3399 ,
634 3360 664 3407 18
681 3360 731 3408 iam
748 3360 789 3408 L:
816 3375 878 3408 sane
887 3359 960 3418 Jahn
1094 3373 1127 3420 24

127 3424 194 3472 flexa
206 3425 297 3473 maluti
306 3424 401 3474 Schaltz
474 3425 507 3474 28
524 3424 638 3490 Phrygia
650 3424 673 3471 L
685 3433 712 3472 et
723 3424 770 3473 Iul.
787 3423 864 3473 Vicat
882 3424 962 3485 Lycia
974 3423 1078 3485 Quintil.
1089 3426 1125 3474 xi.

127 3504 150 3551 3.
163 3491 197 3550 58
245 3495 303 3553 past
313 3489 443 3538 rhetorum
461 3490 519 3540 add.
537 3489 637 3538 Enustr'
651 3504 759 3551 quorum
832 3504 865 3551 30
880 3487 1000 3538 dicitdel.
1013 3489 1126 3538 Ernesti:

127 3555 211 3604 dicit.
231 3592 237 3605 .
254 3590 261 3604 .
280 3554 360 3604 fnisse
379 3555 431 3606 secl.
452 3555 550 3618 Meyer:
575 3555 637 3604 dicit
656 3554 779 3603 Aeschini
802 3554 905 3616 plorare
928 3553 1036 3620 Madvig
1058 3556 1128 3620 (plur

127 3618 167 3669 L:
194 3619 296 3682 plorare
315 3619 430 3684 Schenkl)
