<?xml version="1.0" encoding="UTF-8"?>
<!DOCTYPE html PUBLIC "-//W3C//DTD XHTML 1.0 Transitional//EN"
    "http://www.w3.org/TR/xhtml1/DTD/xhtml1-transitional.dtd">
<html xmlns="http://www.w3.org/1999/xhtml" xml:lang="en" lang="en">
 <head>
  <title>
</title>
<meta http-equiv="Content-Type" content="text/html;charset=utf-8" />
  <meta name='ocr-system' content='tesseract 3.04.00' />
  <meta name='ocr-capabilities' content='ocr_page ocr_carea ocr_par ocr_line ocrx_word'/>
</head>
<body>
  <div class='ocr_page' id='page_1' title='image "./mtvlliciceronis00wilkgoog_0132.png"; bbox 0 0 2588 4178; ppageno 0'>
   <div class='ocr_carea' id='block_1_1' title="bbox 157 187 923 287">
    <p class='ocr_par' dir='ltr' id='par_1_1' title="bbox 157 187 923 287">
     <span class='ocr_line' id='line_1_1' title="bbox 157 187 923 287; baseline 0.008 -43"><span class='ocrx_word' id='word_1_1' title='bbox 157 205 221 264; x_wconf 79' lang='lat'><strong>932</strong></span> <span class='ocrx_word' id='word_1_2' title='bbox 463 188 660 287; x_wconf 58' lang='lat' dir='ltr'>M.TVL131</span> <span class='ocrx_word' id='word_1_3' title='bbox 688 187 923 250; x_wconf 78' lang='lat' dir='ltr'><strong>crcuaorus</strong></span> 
     </span>
    </p>
   </div>
   <div class='ocr_carea' id='block_1_2' title="bbox 115 357 1291 3073">
    <p class='ocr_par' dir='ltr' id='par_1_2' title="bbox 189 357 1191 631">
     <span class='ocr_line' id='line_1_2' title="bbox 190 357 1190 436; baseline 0.003 -20"><span class='ocrx_word' id='word_1_4' title='bbox 190 377 346 435; x_wconf 89' lang='lat' dir='ltr'><strong>germanos</strong></span> <span class='ocrx_word' id='word_1_5' title='bbox 358 378 390 418; x_wconf 90' lang='lat' dir='ltr'><strong>se</strong></span> <span class='ocrx_word' id='word_1_6' title='bbox 400 370 507 435; x_wconf 89' lang='lat' dir='ltr'><strong>putant</strong></span> <span class='ocrx_word' id='word_1_7' title='bbox 518 378 583 419; x_wconf 91' lang='lat' dir='ltr'><strong>esse</strong></span> <span class='ocrx_word' id='word_1_8' title='bbox 593 358 795 436; x_wconf 82' lang='lat' dir='ltr'><strong>Thucydidas.</strong></span> <span class='ocrx_word' id='word_1_9' title='bbox 833 360 947 419; x_wconf 88' lang='lat' dir='ltr'><strong>Nactus</strong></span> <span class='ocrx_word' id='word_1_10' title='bbox 958 378 1025 418; x_wconf 91' lang='lat' dir='ltr'><strong>sum</strong></span> <span class='ocrx_word' id='word_1_11' title='bbox 1036 357 1127 419; x_wconf 88' lang='lat' dir='ltr'><strong>etiam</strong></span> <span class='ocrx_word' id='word_1_12' title='bbox 1138 357 1190 436; x_wconf 91' lang='lat' dir='ltr'><strong>qui</strong></span> 
     </span>
     <span class='ocr_line' id='line_1_3' title="bbox 189 454 1191 534; baseline 0.004 -21"><span class='ocrx_word' id='word_1_13' title='bbox 189 455 401 532; x_wconf 85' lang='lat' dir='ltr'>Xenophontis</span> <span class='ocrx_word' id='word_1_14' title='bbox 421 455 548 515; x_wconf 88' lang='lat' dir='ltr'><strong>similem</strong></span> <span class='ocrx_word' id='word_1_15' title='bbox 568 476 634 516; x_wconf 90' lang='lat' dir='ltr'><strong>esse</strong></span> <span class='ocrx_word' id='word_1_16' title='bbox 655 476 686 516; x_wconf 93' lang='lat' dir='ltr'><strong>se</strong></span> <span class='ocrx_word' id='word_1_17' title='bbox 703 466 833 534; x_wconf 88' lang='lat' dir='ltr'><strong>cuperet,</strong></span> <span class='ocrx_word' id='word_1_18' title='bbox 852 454 945 516; x_wconf 63' lang='lat' dir='ltr'><strong>cuius&#39;</strong></span> <span class='ocrx_word' id='word_1_19' title='bbox 957 476 1055 517; x_wconf 91' lang='lat' dir='ltr'><strong>sermo</strong></span> <span class='ocrx_word' id='word_1_20' title='bbox 1076 467 1121 517; x_wconf 87' lang='lat' dir='ltr'><strong>est</strong></span> <span class='ocrx_word' id='word_1_21' title='bbox 1141 456 1191 517; x_wconf 92' lang='lat' dir='ltr'><strong>ille</strong></span> 
     </span>
     <span class='ocr_line' id='line_1_4' title="bbox 192 552 1159 631; baseline 0.004 -21"><span class='ocrx_word' id='word_1_22' title='bbox 192 552 314 629; x_wconf 92' lang='lat' dir='ltr'><strong>quidem</strong></span> <span class='ocrx_word' id='word_1_23' title='bbox 330 554 417 612; x_wconf 90' lang='lat' dir='ltr'><strong>melle</strong></span> <span class='ocrx_word' id='word_1_24' title='bbox 432 552 556 625; x_wconf 90' lang='lat' dir='ltr'><strong>dulcior,</strong></span> <span class='ocrx_word' id='word_1_25' title='bbox 572 555 626 628; x_wconf 91' lang='lat' dir='ltr'><strong>sed</strong></span> <span class='ocrx_word' id='word_1_26' title='bbox 640 573 659 612; x_wconf 89' lang='lat' dir='ltr'><strong>a</strong></span> <span class='ocrx_word' id='word_1_27' title='bbox 673 553 783 614; x_wconf 81' lang='lat' dir='ltr'><strong>sorensi</strong></span> <span class='ocrx_word' id='word_1_28' title='bbox 797 553 920 631; x_wconf 90' lang='lat' dir='ltr'><strong>strepitu</strong></span> <span class='ocrx_word' id='word_1_29' title='bbox 934 553 1159 614; x_wconf 89' lang='lat' dir='ltr'><strong>remotissimus.</strong></span> 
     </span>
    </p>

    <p class='ocr_par' dir='ltr' id='par_1_3' title="bbox 145 650 1220 826">
     <span class='ocr_line' id='line_1_5' title="bbox 145 650 1190 728; baseline 0.002 -20"><span class='ocrx_word' id='word_1_30' title='bbox 145 671 177 722; x_wconf 77' lang='lat'><strong>33</strong></span> <span class='ocrx_word' id='word_1_31' title='bbox 233 651 408 709; x_wconf 81' lang='lat' dir='ltr'><strong>Reseramus</strong></span> <span class='ocrx_word' id='word_1_32' title='bbox 423 670 478 710; x_wconf 93' lang='lat' dir='ltr'><strong>nos</strong></span> <span class='ocrx_word' id='word_1_33' title='bbox 492 650 580 727; x_wconf 90' lang='lat' dir='ltr'><strong>igitur</strong></span> <span class='ocrx_word' id='word_1_34' title='bbox 593 652 632 710; x_wconf 93' lang='lat' dir='ltr'><strong>ad</strong></span> <span class='ocrx_word' id='word_1_35' title='bbox 646 671 716 711; x_wconf 93' lang='lat' dir='ltr'><strong>eum</strong></span> <span class='ocrx_word' id='word_1_36' title='bbox 731 671 821 728; x_wconf 90' lang='lat' dir='ltr'><strong>quem</strong></span> <span class='ocrx_word' id='word_1_37' title='bbox 832 653 970 711; x_wconf 91' lang='lat' dir='ltr'><strong>volumus</strong></span> <span class='ocrx_word' id='word_1_38' title='bbox 984 650 1190 711; x_wconf 80' lang='lat' dir='ltr'>incohandum</span> 
     </span>
     <span class='ocr_line' id='line_1_6' title="bbox 190 747 1220 826; baseline 0.005 -22"><span class='ocrx_word' id='word_1_39' title='bbox 190 757 219 805; x_wconf 89' lang='lat' dir='ltr'><strong>et</strong></span> <span class='ocrx_word' id='word_1_40' title='bbox 233 767 269 806; x_wconf 89' lang='lat' dir='ltr'><strong>ea</strong></span> <span class='ocrx_word' id='word_1_41' title='bbox 282 748 405 808; x_wconf 91' lang='lat' dir='ltr'><strong>demum</strong></span> <span class='ocrx_word' id='word_1_42' title='bbox 417 748 587 825; x_wconf 86' lang='lat' dir='ltr'><strong>eloquentia</strong></span> <span class='ocrx_word' id='word_1_43' title='bbox 600 748 822 808; x_wconf 89' lang='lat' dir='ltr'><strong>informandum</strong></span> <span class='ocrx_word' id='word_1_44' title='bbox 838 768 928 826; x_wconf 91' lang='lat' dir='ltr'><strong>quam</strong></span> <span class='ocrx_word' id='word_1_45' title='bbox 942 747 974 807; x_wconf 92' lang='lat' dir='ltr'><strong>in</strong></span> <span class='ocrx_word' id='word_1_46' title='bbox 988 750 1071 809; x_wconf 94' lang='lat' dir='ltr'><strong>nullo</strong></span> <span class='ocrx_word' id='word_1_47' title='bbox 1082 768 1192 826; x_wconf 88' lang='lat' dir='ltr'><strong>cogno·</strong></span> <span class='ocrx_word' id='word_1_48' title='bbox 1206 771 1220 820; x_wconf 83' lang='lat'><strong><em>5</em></strong></span> 
     </span>
    </p>

    <p class='ocr_par' dir='ltr' id='par_1_4' title="bbox 115 839 1237 1509">
     <span class='ocr_line' id='line_1_7' title="bbox 115 839 1189 924; baseline 0.008 -27"><span class='ocrx_word' id='word_1_49' title='bbox 115 839 118 843; x_wconf 73' lang='grc'>’</span> <span class='ocrx_word' id='word_1_50' title='bbox 139 854 174 897; x_wconf 90' lang='lat'><strong>10</strong></span> <span class='ocrx_word' id='word_1_51' title='bbox 188 843 230 903; x_wconf 89' lang='lat' dir='ltr'><strong>vit</strong></span> <span class='ocrx_word' id='word_1_52' title='bbox 251 844 410 904; x_wconf 86' lang='lat' dir='ltr'><strong>Antonius.</strong></span> <span class='ocrx_word' id='word_1_53' title='bbox 455 848 600 923; x_wconf 87' lang='lat' dir='ltr'><strong>Magnum</strong></span> <span class='ocrx_word' id='word_1_54' title='bbox 628 866 704 924; x_wconf 91' lang='lat' dir='ltr'><strong>opus</strong></span> <span class='ocrx_word' id='word_1_55' title='bbox 729 845 853 906; x_wconf 92' lang='lat' dir='ltr'><strong>omnino</strong></span> <span class='ocrx_word' id='word_1_56' title='bbox 876 857 905 905; x_wconf 90' lang='lat' dir='ltr'><strong>et</strong></span> <span class='ocrx_word' id='word_1_57' title='bbox 929 847 1068 919; x_wconf 72' lang='lat' dir='ltr'><strong>arduum,</strong></span> <span class='ocrx_word' id='word_1_58' title='bbox 1089 849 1189 920; x_wconf 88' lang='lat' dir='ltr'><strong>Brute,</strong></span> 
     </span>
     <span class='ocr_line' id='line_1_8' title="bbox 188 942 1191 1020; baseline 0.002 -20"><span class='ocrx_word' id='word_1_59' title='bbox 188 961 349 1016; x_wconf 86' lang='lat' dir='ltr'><strong>conamur;</strong></span> <span class='ocrx_word' id='word_1_60' title='bbox 371 944 424 1003; x_wconf 93' lang='lat' dir='ltr'><strong>sed</strong></span> <span class='ocrx_word' id='word_1_61' title='bbox 445 942 520 1002; x_wconf 90' lang='lat' dir='ltr'><strong>nihil</strong></span> <span class='ocrx_word' id='word_1_62' title='bbox 541 943 661 1004; x_wconf 88' lang='lat' dir='ltr'>difficile</span> <span class='ocrx_word' id='word_1_63' title='bbox 681 943 794 1003; x_wconf 91' lang='lat' dir='ltr'><strong>amanti</strong></span> <span class='ocrx_word' id='word_1_64' title='bbox 814 954 897 1020; x_wconf 91' lang='lat' dir='ltr'><strong>puto.</strong></span> <span class='ocrx_word' id='word_1_65' title='bbox 940 945 1021 1003; x_wconf 91' lang='lat' dir='ltr'><strong>Amo</strong></span> <span class='ocrx_word' id='word_1_66' title='bbox 1039 954 1140 1004; x_wconf 90' lang='lat' dir='ltr'><strong>autem</strong></span> <span class='ocrx_word' id='word_1_67' title='bbox 1160 953 1191 1004; x_wconf 93' lang='lat' dir='ltr'><strong>et</strong></span> 
     </span>
     <span class='ocr_line' id='line_1_9' title="bbox 187 1039 1190 1118; baseline 0.004 -20"><span class='ocrx_word' id='word_1_68' title='bbox 187 1059 305 1117; x_wconf 90' lang='lat' dir='ltr'><strong>semper</strong></span> <span class='ocrx_word' id='word_1_69' title='bbox 317 1039 415 1100; x_wconf 91' lang='lat' dir='ltr'><strong>amavi</strong></span> <span class='ocrx_word' id='word_1_70' title='bbox 430 1039 582 1117; x_wconf 82' lang='lat' dir='ltr'><strong>ingenium</strong></span> <span class='ocrx_word' id='word_1_71' title='bbox 597 1040 696 1101; x_wconf 87' lang='lat' dir='ltr'><strong>studia</strong></span> <span class='ocrx_word' id='word_1_72' title='bbox 710 1050 807 1101; x_wconf 82' lang='lat' dir='ltr'><strong>mores</strong></span> <span class='ocrx_word' id='word_1_73' title='bbox 822 1052 897 1100; x_wconf 93' lang='lat' dir='ltr'><strong>tuos.</strong></span> <span class='ocrx_word' id='word_1_74' title='bbox 936 1041 1087 1101; x_wconf 90' lang='lat' dir='ltr'><strong>Incendor</strong></span> <span class='ocrx_word' id='word_1_75' title='bbox 1100 1056 1190 1118; x_wconf 91' lang='lat' dir='ltr'><strong>porro</strong></span> 
     </span>
     <span class='ocr_line' id='line_1_10' title="bbox 187 1136 1187 1215; baseline 0.002 -20"><span class='ocrx_word' id='word_1_76' title='bbox 187 1136 298 1196; x_wconf 86' lang='lat' dir='ltr'><strong>cotidie</strong></span> <span class='ocrx_word' id='word_1_77' title='bbox 319 1137 412 1214; x_wconf 87' lang='lat' dir='ltr'><strong>magis</strong></span> <span class='ocrx_word' id='word_1_78' title='bbox 434 1158 495 1198; x_wconf 94' lang='lat' dir='ltr'><strong>non</strong></span> <span class='ocrx_word' id='word_1_79' title='bbox 517 1137 666 1199; x_wconf 90' lang='lat' dir='ltr'><strong>desiderio</strong></span> <span class='ocrx_word' id='word_1_80' title='bbox 686 1140 791 1212; x_wconf 91' lang='lat' dir='ltr'><strong>solum,</strong></span> <span class='ocrx_word' id='word_1_81' title='bbox 808 1151 869 1215; x_wconf 89' lang='lat' dir='ltr'><strong>quo</strong></span> <span class='ocrx_word' id='word_1_82' title='bbox 890 1137 1013 1214; x_wconf 91' lang='lat' dir='ltr'><strong>quidem</strong></span> <span class='ocrx_word' id='word_1_83' title='bbox 1035 1137 1187 1211; x_wconf 88' lang='lat' dir='ltr'><strong>conficior,</strong></span> 
     </span>
     <span class='ocr_line' id='line_1_11' title="bbox 187 1235 1237 1311; baseline -0.004 -18"><span class='ocrx_word' id='word_1_84' title='bbox 187 1253 361 1311; x_wconf 87' lang='lat' dir='ltr'><strong>congressus</strong></span> <span class='ocrx_word' id='word_1_85' title='bbox 383 1246 508 1307; x_wconf 90' lang='lat' dir='ltr'><strong>nostros,</strong></span> <span class='ocrx_word' id='word_1_86' title='bbox 530 1235 779 1296; x_wconf 88' lang='lat' dir='ltr'><strong>consuetudinem</strong></span> <span class='ocrx_word' id='word_1_87' title='bbox 800 1235 904 1307; x_wconf 88' lang='lat' dir='ltr'><strong>victus,</strong></span> <span class='ocrx_word' id='word_1_88' title='bbox 920 1235 1110 1296; x_wconf 91' lang='lat' dir='ltr'><strong>doctissimos</strong></span> <span class='ocrx_word' id='word_1_89' title='bbox 1131 1255 1190 1296; x_wconf 88' lang='lat' dir='ltr'><strong>ser·</strong></span> <span class='ocrx_word' id='word_1_90' title='bbox 1206 1254 1237 1290; x_wconf 86' lang='lat' dir='ltr'><strong>ro</strong></span> 
     </span>
     <span class='ocr_line' id='line_1_12' title="bbox 186 1331 1189 1409; baseline 0.003 -19"><span class='ocrx_word' id='word_1_91' title='bbox 186 1335 292 1391; x_wconf 80' lang='lat' dir='ltr'><strong>menes</strong></span> <span class='ocrx_word' id='word_1_92' title='bbox 314 1332 465 1409; x_wconf 88' lang='lat' dir='ltr'><strong>requirens</strong></span> <span class='ocrx_word' id='word_1_93' title='bbox 487 1344 565 1408; x_wconf 85' lang='lat' dir='ltr'><strong>tuos,</strong></span> <span class='ocrx_word' id='word_1_94' title='bbox 579 1335 632 1393; x_wconf 92' lang='lat' dir='ltr'><strong>sed</strong></span> <span class='ocrx_word' id='word_1_95' title='bbox 654 1332 743 1393; x_wconf 89' lang='lat' dir='ltr'><strong>etiam</strong></span> <span class='ocrx_word' id='word_1_96' title='bbox 765 1331 932 1393; x_wconf 89' lang='lat' dir='ltr'><strong>incredibili</strong></span> <span class='ocrx_word' id='word_1_97' title='bbox 951 1335 1030 1393; x_wconf 86' lang='lat' dir='ltr'><strong>lama</strong></span> <span class='ocrx_word' id='word_1_98' title='bbox 1045 1331 1189 1393; x_wconf 89' lang='lat' dir='ltr'><strong>virtutum</strong></span> 
     </span>
     <span class='ocr_line' id='line_1_13' title="bbox 185 1428 1187 1509; baseline 0.002 -20"><span class='ocrx_word' id='word_1_99' title='bbox 185 1428 413 1502; x_wconf 86' lang='lat' dir='ltr'><strong>admirabilium,</strong></span> <span class='ocrx_word' id='word_1_100' title='bbox 430 1449 507 1507; x_wconf 90' lang='lat' dir='ltr'><strong>quae</strong></span> <span class='ocrx_word' id='word_1_101' title='bbox 526 1430 625 1507; x_wconf 91' lang='lat' dir='ltr'><strong>specie</strong></span> <span class='ocrx_word' id='word_1_102' title='bbox 639 1430 771 1509; x_wconf 82' lang='lat' dir='ltr'><strong>dispares</strong></span> <span class='ocrx_word' id='word_1_103' title='bbox 785 1431 944 1508; x_wconf 89' lang='lat' dir='ltr'><strong>prudentia</strong></span> <span class='ocrx_word' id='word_1_104' title='bbox 957 1429 1187 1508; x_wconf 90' lang='lat' dir='ltr'><strong>coniunguntur.</strong></span> 
     </span>
    </p>

    <p class='ocr_par' dir='ltr' id='par_1_5' title="bbox 141 1526 1234 2583">
     <span class='ocr_line' id='line_1_14' title="bbox 141 1526 1189 1606; baseline 0.003 -21"><span class='ocrx_word' id='word_1_105' title='bbox 141 1543 172 1595; x_wconf 81' lang='lat'><strong>34</strong></span> <span class='ocrx_word' id='word_1_106' title='bbox 187 1526 270 1602; x_wconf 89' lang='lat' dir='ltr'><strong>Quid</strong></span> <span class='ocrx_word' id='word_1_107' title='bbox 290 1526 370 1586; x_wconf 90' lang='lat' dir='ltr'><strong>enim</strong></span> <span class='ocrx_word' id='word_1_108' title='bbox 388 1537 449 1586; x_wconf 90' lang='lat' dir='ltr'><strong>tam</strong></span> <span class='ocrx_word' id='word_1_109' title='bbox 469 1526 582 1588; x_wconf 91' lang='lat' dir='ltr'><strong>distans</strong></span> <span class='ocrx_word' id='word_1_110' title='bbox 601 1548 692 1606; x_wconf 88' lang='lat' dir='ltr'><strong>quam</strong></span> <span class='ocrx_word' id='word_1_111' title='bbox 709 1548 728 1587; x_wconf 87' lang='lat' dir='ltr'><strong>a</strong></span> <span class='ocrx_word' id='word_1_112' title='bbox 746 1527 901 1589; x_wconf 86' lang='lat' dir='ltr'><strong>severitate</strong></span> <span class='ocrx_word' id='word_1_113' title='bbox 922 1527 1070 1588; x_wconf 84' lang='lat' dir='ltr'><strong>comitas?</strong></span> <span class='ocrx_word' id='word_1_114' title='bbox 1111 1527 1189 1604; x_wconf 90' lang='lat' dir='ltr'><strong>Quis</strong></span> 
     </span>
     <span class='ocr_line' id='line_1_15' title="bbox 185 1625 1189 1702; baseline 0.002 -18"><span class='ocrx_word' id='word_1_115' title='bbox 185 1635 286 1684; x_wconf 90' lang='lat' dir='ltr'><strong>tamen</strong></span> <span class='ocrx_word' id='word_1_116' title='bbox 315 1645 459 1702; x_wconf 87' lang='lat' dir='ltr'><strong>umquam</strong></span> <span class='ocrx_word' id='word_1_117' title='bbox 487 1636 517 1685; x_wconf 91' lang='lat' dir='ltr'><strong>te</strong></span> <span class='ocrx_word' id='word_1_118' title='bbox 541 1638 592 1686; x_wconf 91' lang='lat' dir='ltr'><strong>aut</strong></span> <span class='ocrx_word' id='word_1_119' title='bbox 614 1626 744 1687; x_wconf 91' lang='lat' dir='ltr'><strong>sanctior</strong></span> <span class='ocrx_word' id='word_1_120' title='bbox 771 1638 816 1687; x_wconf 88' lang='lat' dir='ltr'><strong>est</strong></span> <span class='ocrx_word' id='word_1_121' title='bbox 839 1625 960 1687; x_wconf 92' lang='lat' dir='ltr'><strong>habitus</strong></span> <span class='ocrx_word' id='word_1_122' title='bbox 980 1637 1032 1687; x_wconf 88' lang='lat' dir='ltr'><strong>aut</strong></span> <span class='ocrx_word' id='word_1_123' title='bbox 1051 1625 1189 1687; x_wconf 85' lang='lat' dir='ltr'><strong>dulcior?</strong></span> 
     </span>
     <span class='ocr_line' id='line_1_16' title="bbox 185 1711 1234 1803; baseline 0.006 -21"><span class='ocrx_word' id='word_1_124' title='bbox 185 1721 269 1797; x_wconf 92' lang='lat' dir='ltr'><strong>Quid</strong></span> <span class='ocrx_word' id='word_1_125' title='bbox 284 1733 344 1782; x_wconf 89' lang='lat' dir='ltr'><strong>tam</strong></span> <span class='ocrx_word' id='word_1_126' title='bbox 359 1723 479 1783; x_wconf 91' lang='lat' dir='ltr'><strong>difficile</strong></span> <span class='ocrx_word' id='word_1_127' title='bbox 493 1744 584 1802; x_wconf 89' lang='lat' dir='ltr'><strong>quam</strong></span> <span class='ocrx_word' id='word_1_128' title='bbox 598 1723 629 1784; x_wconf 93' lang='lat' dir='ltr'><strong>in</strong></span> <span class='ocrx_word' id='word_1_129' title='bbox 643 1724 839 1803; x_wconf 90' lang='lat' dir='ltr'><strong>plurimorum</strong></span> <span class='ocrx_word' id='word_1_130' title='bbox 859 1711 1066 1786; x_wconf 89' lang='lat' dir='ltr'><strong>controversiis</strong></span> <span class='ocrx_word' id='word_1_131' title='bbox 1080 1724 1188 1785; x_wconf 85' lang='lat' dir='ltr'><strong>diiudi-</strong></span> <span class='ocrx_word' id='word_1_132' title='bbox 1205 1739 1234 1788; x_wconf 80' lang='lat'><strong>15</strong></span> 
     </span>
     <span class='ocr_line' id='line_1_17' title="bbox 184 1820 1187 1901; baseline 0.002 -21"><span class='ocrx_word' id='word_1_133' title='bbox 184 1820 288 1880; x_wconf 91' lang='lat' dir='ltr'><strong>candis</strong></span> <span class='ocrx_word' id='word_1_134' title='bbox 303 1820 343 1880; x_wconf 93' lang='lat' dir='ltr'><strong>ab</strong></span> <span class='ocrx_word' id='word_1_135' title='bbox 357 1820 497 1881; x_wconf 90' lang='lat' dir='ltr'><strong>omnibus</strong></span> <span class='ocrx_word' id='word_1_136' title='bbox 518 1820 623 1900; x_wconf 84' lang='lat' dir='ltr'><strong>diligi?</strong></span> <span class='ocrx_word' id='word_1_137' title='bbox 657 1822 858 1901; x_wconf 90' lang='lat' dir='ltr'><strong>Consequeris</strong></span> <span class='ocrx_word' id='word_1_138' title='bbox 875 1834 977 1883; x_wconf 87' lang='lat' dir='ltr'><strong>tamen</strong></span> <span class='ocrx_word' id='word_1_139' title='bbox 991 1833 1024 1882; x_wconf 94' lang='lat' dir='ltr'><strong>ut</strong></span> <span class='ocrx_word' id='word_1_140' title='bbox 1038 1841 1091 1882; x_wconf 92' lang='lat' dir='ltr'><strong>eos</strong></span> <span class='ocrx_word' id='word_1_141' title='bbox 1104 1821 1187 1900; x_wconf 91' lang='lat' dir='ltr'><strong>ipsos</strong></span> 
     </span>
     <span class='ocr_line' id='line_1_18' title="bbox 184 1919 1188 1999; baseline 0.007 -24"><span class='ocrx_word' id='word_1_142' title='bbox 184 1936 260 1994; x_wconf 90' lang='lat' dir='ltr'><strong>quos</strong></span> <span class='ocrx_word' id='word_1_143' title='bbox 283 1930 387 1976; x_wconf 88' lang='lat' dir='ltr'><strong>contra</strong></span> <span class='ocrx_word' id='word_1_144' title='bbox 408 1929 520 1978; x_wconf 88' lang='lat' dir='ltr'><strong>statuas</strong></span> <span class='ocrx_word' id='word_1_145' title='bbox 544 1939 657 1998; x_wconf 90' lang='lat' dir='ltr'><strong>aequos</strong></span> <span class='ocrx_word' id='word_1_146' title='bbox 679 1922 872 1999; x_wconf 90' lang='lat' dir='ltr'><strong>placatosque</strong></span> <span class='ocrx_word' id='word_1_147' title='bbox 894 1919 1035 1981; x_wconf 86' lang='lat' dir='ltr'><strong>dimittas.</strong></span> <span class='ocrx_word' id='word_1_148' title='bbox 1079 1922 1188 1998; x_wconf 87' lang='lat' dir='ltr'><strong>Itaque</strong></span> 
     </span>
     <span class='ocr_line' id='line_1_19' title="bbox 183 2015 1187 2093; baseline 0.004 -19"><span class='ocrx_word' id='word_1_149' title='bbox 183 2015 275 2074; x_wconf 89' lang='lat' dir='ltr'><strong>efficis</strong></span> <span class='ocrx_word' id='word_1_150' title='bbox 289 2025 330 2087; x_wconf 88' lang='lat' dir='ltr'><strong>ut,</strong></span> <span class='ocrx_word' id='word_1_151' title='bbox 347 2035 417 2076; x_wconf 90' lang='lat' dir='ltr'><strong>cum</strong></span> <span class='ocrx_word' id='word_1_152' title='bbox 437 2016 548 2093; x_wconf 87' lang='lat' dir='ltr'><strong>gratiae</strong></span> <span class='ocrx_word' id='word_1_153' title='bbox 568 2037 658 2078; x_wconf 85' lang='lat' dir='ltr'><strong>causa</strong></span> <span class='ocrx_word' id='word_1_154' title='bbox 679 2017 752 2078; x_wconf 90' lang='lat' dir='ltr'><strong>nihil</strong></span> <span class='ocrx_word' id='word_1_155' title='bbox 771 2018 870 2091; x_wconf 84' lang='lat' dir='ltr'><strong>iacias,</strong></span> <span class='ocrx_word' id='word_1_156' title='bbox 887 2017 988 2078; x_wconf 90' lang='lat' dir='ltr'><strong>omnia</strong></span> <span class='ocrx_word' id='word_1_157' title='bbox 1006 2029 1108 2078; x_wconf 87' lang='lat' dir='ltr'><strong>tamen</strong></span> <span class='ocrx_word' id='word_1_158' title='bbox 1127 2017 1187 2078; x_wconf 91' lang='lat' dir='ltr'><strong>sint</strong></span> 
     </span>
     <span class='ocr_line' id='line_1_20' title="bbox 182 2111 1187 2194; baseline 0.002 -22"><span class='ocrx_word' id='word_1_159' title='bbox 182 2123 264 2189; x_wconf 88' lang='lat' dir='ltr'><strong>grata</strong></span> <span class='ocrx_word' id='word_1_160' title='bbox 273 2132 350 2190; x_wconf 93' lang='lat' dir='ltr'><strong>quae</strong></span> <span class='ocrx_word' id='word_1_161' title='bbox 362 2111 441 2174; x_wconf 87' lang='lat' dir='ltr'><strong>iacis.</strong></span> <span class='ocrx_word' id='word_1_162' title='bbox 476 2117 556 2192; x_wconf 87' lang='lat' dir='ltr'><strong>Ergo</strong></span> <span class='ocrx_word' id='word_1_163' title='bbox 567 2115 707 2176; x_wconf 92' lang='lat' dir='ltr'><strong>omnibus</strong></span> <span class='ocrx_word' id='word_1_164' title='bbox 717 2135 754 2176; x_wconf 87' lang='lat' dir='ltr'><strong>ex</strong></span> <span class='ocrx_word' id='word_1_165' title='bbox 763 2115 846 2176; x_wconf 88' lang='lat' dir='ltr'><strong>terris</strong></span> <span class='ocrx_word' id='word_1_166' title='bbox 855 2136 916 2176; x_wconf 88' lang='lat' dir='ltr'><strong>una</strong></span> <span class='ocrx_word' id='word_1_167' title='bbox 925 2114 1022 2176; x_wconf 88' lang='lat' dir='ltr'><strong>Gallia</strong></span> <span class='ocrx_word' id='word_1_168' title='bbox 1032 2115 1187 2194; x_wconf 90' lang='lat' dir='ltr'><strong>communi</strong></span> 
     </span>
     <span class='ocr_line' id='line_1_21' title="bbox 183 2209 1234 2291; baseline 0.006 -23"><span class='ocrx_word' id='word_1_169' title='bbox 183 2229 245 2269; x_wconf 93' lang='lat' dir='ltr'><strong>non</strong></span> <span class='ocrx_word' id='word_1_170' title='bbox 262 2211 346 2270; x_wconf 89' lang='lat' dir='ltr'><strong>ardet</strong></span> <span class='ocrx_word' id='word_1_171' title='bbox 367 2209 527 2285; x_wconf 86' lang='lat' dir='ltr'><strong>incendio;</strong></span> <span class='ocrx_word' id='word_1_172' title='bbox 547 2212 579 2271; x_wconf 89' lang='lat' dir='ltr'><strong>in</strong></span> <span class='ocrx_word' id='word_1_173' title='bbox 599 2233 659 2291; x_wconf 87' lang='lat' dir='ltr'><strong>qua</strong></span> <span class='ocrx_word' id='word_1_174' title='bbox 673 2213 776 2274; x_wconf 83' lang='lat' dir='ltr'><strong>frueris</strong></span> <span class='ocrx_word' id='word_1_175' title='bbox 795 2213 877 2291; x_wconf 77' lang='lat' dir='ltr'><strong>ipset</strong></span> <span class='ocrx_word' id='word_1_176' title='bbox 896 2225 934 2286; x_wconf 87' lang='lat' dir='ltr'><strong>te,</strong></span> <span class='ocrx_word' id='word_1_177' title='bbox 950 2233 1020 2273; x_wconf 91' lang='lat' dir='ltr'><strong>cum</strong></span> <span class='ocrx_word' id='word_1_178' title='bbox 1034 2211 1066 2271; x_wconf 91' lang='lat' dir='ltr'><strong>in</strong></span> <span class='ocrx_word' id='word_1_179' title='bbox 1081 2211 1186 2274; x_wconf 88' lang='lat' dir='ltr'><strong>Italiae</strong></span> <span class='ocrx_word' id='word_1_180' title='bbox 1203 2224 1234 2260; x_wconf 82' lang='lat'><strong>²0</strong></span> 
     </span>
     <span class='ocr_line' id='line_1_22' title="bbox 183 2308 1187 2389; baseline 0.006 -23"><span class='ocrx_word' id='word_1_181' title='bbox 183 2309 250 2368; x_wconf 92' lang='lat' dir='ltr'><strong>luce</strong></span> <span class='ocrx_word' id='word_1_182' title='bbox 267 2308 455 2385; x_wconf 88' lang='lat' dir='ltr'><strong>cognosceris</strong></span> <span class='ocrx_word' id='word_1_183' title='bbox 468 2309 652 2388; x_wconf 88' lang='lat' dir='ltr'><strong>versarisque</strong></span> <span class='ocrx_word' id='word_1_184' title='bbox 671 2311 702 2370; x_wconf 94' lang='lat' dir='ltr'><strong>in</strong></span> <span class='ocrx_word' id='word_1_185' title='bbox 722 2309 904 2389; x_wconf 84' lang='lat' dir='ltr'><strong>optimorum</strong></span> <span class='ocrx_word' id='word_1_186' title='bbox 923 2309 1033 2371; x_wconf 90' lang='lat' dir='ltr'><strong>oivium</strong></span> <span class='ocrx_word' id='word_1_187' title='bbox 1046 2312 1094 2370; x_wconf 91' lang='lat' dir='ltr'><strong>vel</strong></span> <span class='ocrx_word' id='word_1_188' title='bbox 1113 2313 1187 2372; x_wconf 91' lang='lat' dir='ltr'><strong>flore</strong></span> 
     </span>
     <span class='ocr_line' id='line_1_23' title="bbox 183 2405 1188 2487; baseline 0.004 -23"><span class='ocrx_word' id='word_1_189' title='bbox 183 2406 230 2465; x_wconf 90' lang='lat' dir='ltr'><strong>vel</strong></span> <span class='ocrx_word' id='word_1_190' title='bbox 245 2405 359 2466; x_wconf 86' lang='lat' dir='ltr'><strong>robore.</strong></span> <span class='ocrx_word' id='word_1_191' title='bbox 396 2408 462 2466; x_wconf 88' lang='lat' dir='ltr'><strong>Iam</strong></span> <span class='ocrx_word' id='word_1_192' title='bbox 481 2419 627 2485; x_wconf 91' lang='lat' dir='ltr'><strong>quantum</strong></span> <span class='ocrx_word' id='word_1_193' title='bbox 648 2409 722 2469; x_wconf 93' lang='lat' dir='ltr'><strong>illud</strong></span> <span class='ocrx_word' id='word_1_194' title='bbox 737 2420 790 2482; x_wconf 89' lang='lat' dir='ltr'><strong>est,</strong></span> <span class='ocrx_word' id='word_1_195' title='bbox 806 2410 889 2487; x_wconf 90' lang='lat' dir='ltr'><strong>quod</strong></span> <span class='ocrx_word' id='word_1_196' title='bbox 903 2407 935 2468; x_wconf 92' lang='lat' dir='ltr'><strong>in</strong></span> <span class='ocrx_word' id='word_1_197' title='bbox 949 2406 1086 2468; x_wconf 87' lang='lat' dir='ltr'><strong>maximis</strong></span> <span class='ocrx_word' id='word_1_198' title='bbox 1099 2428 1188 2469; x_wconf 93' lang='lat' dir='ltr'><strong>occu·</strong></span> 
     </span>
     <span class='ocr_line' id='line_1_24' title="bbox 183 2495 1187 2583; baseline 0.006 -23"><span class='ocrx_word' id='word_1_199' title='bbox 183 2502 356 2580; x_wconf 91' lang='lat' dir='ltr'><strong>pationibus</strong></span> <span class='ocrx_word' id='word_1_200' title='bbox 384 2523 550 2581; x_wconf 86' lang='lat' dir='ltr'><strong>numquam</strong></span> <span class='ocrx_word' id='word_1_201' title='bbox 573 2505 742 2566; x_wconf 91' lang='lat' dir='ltr'><strong>intermittis</strong></span> <span class='ocrx_word' id='word_1_202' title='bbox 764 2507 863 2567; x_wconf 91' lang='lat' dir='ltr'><strong>studia</strong></span> <span class='ocrx_word' id='word_1_203' title='bbox 882 2495 1045 2579; x_wconf 88' lang='lat' dir='ltr'><strong>doctrinae,</strong></span> <span class='ocrx_word' id='word_1_204' title='bbox 1068 2525 1187 2583; x_wconf 85' lang='lat' dir='ltr'><strong>semper</strong></span> 
     </span>
    </p>

    <p class='ocr_par' dir='ltr' id='par_1_6' title="bbox 137 2599 1291 3073">
     <span class='ocr_line' id='line_1_25' title="bbox 137 2599 1187 2680; baseline 0.005 -21"><span class='ocrx_word' id='word_1_205' title='bbox 137 2617 167 2667; x_wconf 79' lang='lat'><strong>35</strong></span> <span class='ocrx_word' id='word_1_206' title='bbox 182 2611 234 2660; x_wconf 89' lang='lat' dir='ltr'><strong>aut</strong></span> <span class='ocrx_word' id='word_1_207' title='bbox 248 2599 312 2678; x_wconf 90' lang='lat' dir='ltr'><strong>ipse</strong></span> <span class='ocrx_word' id='word_1_208' title='bbox 327 2599 430 2661; x_wconf 90' lang='lat' dir='ltr'><strong>scribis</strong></span> <span class='ocrx_word' id='word_1_209' title='bbox 449 2601 563 2680; x_wconf 88' lang='lat' dir='ltr'><strong>aliquid</strong></span> <span class='ocrx_word' id='word_1_210' title='bbox 576 2614 629 2662; x_wconf 89' lang='lat' dir='ltr'><strong>aut</strong></span> <span class='ocrx_word' id='word_1_211' title='bbox 648 2623 697 2664; x_wconf 91' lang='lat' dir='ltr'><strong>me</strong></span> <span class='ocrx_word' id='word_1_212' title='bbox 710 2623 800 2664; x_wconf 88' lang='lat' dir='ltr'><strong>vocas</strong></span> <span class='ocrx_word' id='word_1_213' title='bbox 819 2605 858 2664; x_wconf 91' lang='lat' dir='ltr'><strong>ad</strong></span> <span class='ocrx_word' id='word_1_214' title='bbox 875 2603 1085 2664; x_wconf 79' lang='lat' dir='ltr'><strong>scribendum!</strong></span> <span class='ocrx_word' id='word_1_215' title='bbox 1128 2604 1187 2664; x_wconf 89' lang='lat' dir='ltr'><strong>Ita·</strong></span> 
     </span>
     <span class='ocr_line' id='line_1_26' title="bbox 182 2700 1232 2780; baseline 0.004 -23"><span class='ocrx_word' id='word_1_216' title='bbox 182 2718 242 2775; x_wconf 91' lang='lat' dir='ltr'><strong>que</strong></span> <span class='ocrx_word' id='word_1_217' title='bbox 270 2700 328 2758; x_wconf 92' lang='lat' dir='ltr'><strong>hoc</strong></span> <span class='ocrx_word' id='word_1_218' title='bbox 356 2719 422 2758; x_wconf 93' lang='lat' dir='ltr'><strong>sum</strong></span> <span class='ocrx_word' id='word_1_219' title='bbox 452 2701 608 2777; x_wconf 89' lang='lat' dir='ltr'><strong>adgressus</strong></span> <span class='ocrx_word' id='word_1_220' title='bbox 641 2700 740 2762; x_wconf 89' lang='lat' dir='ltr'><strong>statim</strong></span> <span class='ocrx_word' id='word_1_221' title='bbox 769 2703 886 2772; x_wconf 86' lang='lat' dir='ltr'><strong>Catone</strong></span> <span class='ocrx_word' id='word_1_222' title='bbox 912 2701 1184 2780; x_wconf 88' lang='lat' dir='ltr'><strong>absoluto-quem</strong></span> <span class='ocrx_word' id='word_1_223' title='bbox 1201 2727 1232 2777; x_wconf 83' lang='lat'><strong>25</strong></span> 
     </span>
     <span class='ocr_line' id='line_1_27' title="bbox 183 2795 1184 2878; baseline 0.004 -23"><span class='ocrx_word' id='word_1_224' title='bbox 183 2795 280 2873; x_wconf 90' lang='lat' dir='ltr'><strong>ipsum</strong></span> <span class='ocrx_word' id='word_1_225' title='bbox 301 2816 466 2876; x_wconf 77' lang='lat' dir='ltr'><strong>numquam</strong></span> <span class='ocrx_word' id='word_1_226' title='bbox 487 2797 650 2875; x_wconf 84' lang='lat' dir='ltr'><strong>attigissem</strong></span> <span class='ocrx_word' id='word_1_227' title='bbox 665 2810 800 2878; x_wconf 87' lang='lat' dir='ltr'><strong>tempora</strong></span> <span class='ocrx_word' id='word_1_228' title='bbox 817 2799 925 2860; x_wconf 90' lang='lat' dir='ltr'><strong>timens</strong></span> <span class='ocrx_word' id='word_1_229' title='bbox 940 2798 1062 2859; x_wconf 87' lang='lat' dir='ltr'><strong>inimica</strong></span> <span class='ocrx_word' id='word_1_230' title='bbox 1074 2798 1184 2874; x_wconf 88' lang='lat' dir='ltr'><strong>virtuti,</strong></span> 
     </span>
     <span class='ocr_line' id='line_1_28' title="bbox 183 2892 1186 2959; baseline 0.007 -7"><span class='ocrx_word' id='word_1_231' title='bbox 183 2892 239 2953; x_wconf 90' lang='lat' dir='ltr'><strong>nisi</strong></span> <span class='ocrx_word' id='word_1_232' title='bbox 257 2893 312 2954; x_wconf 90' lang='lat' dir='ltr'><strong>tibi</strong></span> <span class='ocrx_word' id='word_1_233' title='bbox 332 2893 462 2957; x_wconf 85' lang='lat' dir='ltr'><strong>hortanti</strong></span> <span class='ocrx_word' id='word_1_234' title='bbox 483 2906 513 2955; x_wconf 90' lang='lat' dir='ltr'><strong>et</strong></span> <span class='ocrx_word' id='word_1_235' title='bbox 533 2895 612 2955; x_wconf 91' lang='lat' dir='ltr'><strong>illius</strong></span> <span class='ocrx_word' id='word_1_236' title='bbox 634 2897 809 2958; x_wconf 86' lang='lat' dir='ltr'><strong>memoriam</strong></span> <span class='ocrx_word' id='word_1_237' title='bbox 830 2896 903 2956; x_wconf 91' lang='lat' dir='ltr'><strong>mihi</strong></span> <span class='ocrx_word' id='word_1_238' title='bbox 925 2916 1024 2957; x_wconf 88' lang='lat' dir='ltr'><strong>caram</strong></span> <span class='ocrx_word' id='word_1_239' title='bbox 1045 2896 1186 2959; x_wconf 89' lang='lat' dir='ltr'><strong>excitanti</strong></span> 
     </span>
     <span class='ocr_line' id='line_1_29' title="bbox 182 2992 1291 3073; baseline 0.005 -22"><span class='ocrx_word' id='word_1_240' title='bbox 182 3011 245 3051; x_wconf 94' lang='lat' dir='ltr'><strong>non</strong></span> <span class='ocrx_word' id='word_1_241' title='bbox 256 3011 359 3069; x_wconf 90' lang='lat' dir='ltr'><strong>parere</strong></span> <span class='ocrx_word' id='word_1_242' title='bbox 368 2993 450 3052; x_wconf 90' lang='lat' dir='ltr'><strong>nefas</strong></span> <span class='ocrx_word' id='word_1_243' title='bbox 462 3011 527 3052; x_wconf 88' lang='lat' dir='ltr'><strong>esse</strong></span> <span class='ocrx_word' id='word_1_244' title='bbox 538 2992 739 3067; x_wconf 86' lang='lat' dir='ltr'><strong>duxissem-,</strong></span> <span class='ocrx_word' id='word_1_245' title='bbox 755 2995 809 3055; x_wconf 93' lang='lat' dir='ltr'><strong>sed</strong></span> <span class='ocrx_word' id='word_1_246' title='bbox 823 2993 965 3055; x_wconf 89' lang='lat' dir='ltr'><strong>testificor</strong></span> <span class='ocrx_word' id='word_1_247' title='bbox 976 3014 1024 3055; x_wconf 92' lang='lat' dir='ltr'><strong>me</strong></span> <span class='ocrx_word' id='word_1_248' title='bbox 1038 3006 1096 3054; x_wconf 87' lang='lat' dir='ltr'><strong>ate</strong></span> <span class='ocrx_word' id='word_1_249' title='bbox 1105 3015 1187 3073; x_wconf 87' lang='lat' dir='ltr'><strong>roga·</strong></span> <span class='ocrx_word' id='word_1_250' title='bbox 1289 3058 1291 3062; x_wconf 12' lang='grc' dir='ltr'><em>Α</em></span> 
     </span>
    </p>
   </div>
   <div class='ocr_carea' id='block_1_3' title="bbox 163 3161 1188 3616">
    <p class='ocr_par' dir='ltr' id='par_1_7' title="bbox 182 3161 1187 3422">
     <span class='ocr_line' id='line_1_30' title="bbox 215 3161 1187 3225; baseline 0.005 -15"><span class='ocrx_word' id='word_1_251' title='bbox 215 3180 230 3223; x_wconf 83' lang='lat'>4</span> <span class='ocrx_word' id='word_1_252' title='bbox 248 3177 297 3211; x_wconf 89' lang='lat' dir='ltr'><strong>nos</strong></span> <span class='ocrx_word' id='word_1_253' title='bbox 315 3162 393 3224; x_wconf 88' lang='lat' dir='ltr'><strong>igitur</strong></span> <span class='ocrx_word' id='word_1_254' title='bbox 411 3161 523 3211; x_wconf 78' lang='lat' dir='ltr'><strong>Ernesti:</strong></span> <span class='ocrx_word' id='word_1_255' title='bbox 548 3163 626 3225; x_wconf 81' lang='lat' dir='ltr'><strong>igitur</strong></span> <span class='ocrx_word' id='word_1_256' title='bbox 644 3178 691 3212; x_wconf 87' lang='lat' dir='ltr'><strong>nos</strong></span> <span class='ocrx_word' id='word_1_257' title='bbox 711 3162 733 3211; x_wconf 90' lang='lat' dir='ltr'><em>L</em></span> <span class='ocrx_word' id='word_1_258' title='bbox 866 3178 881 3224; x_wconf 86' lang='lat'>5</span> <span class='ocrx_word' id='word_1_259' title='bbox 899 3179 931 3213; x_wconf 87' lang='lat' dir='ltr'><strong>ea</strong></span> <span class='ocrx_word' id='word_1_260' title='bbox 947 3164 1050 3214; x_wconf 89' lang='lat' dir='ltr'><strong>demum</strong></span> <span class='ocrx_word' id='word_1_261' title='bbox 1069 3162 1187 3215; x_wconf 69' lang='lat' dir='ltr'><strong>Emori:</strong></span> 
     </span>
     <span class='ocr_line' id='line_1_31' title="bbox 183 3226 1187 3293; baseline 0.002 -17"><span class='ocrx_word' id='word_1_262' title='bbox 183 3228 272 3276; x_wconf 88' lang='lat' dir='ltr'><strong>eadem</strong></span> <span class='ocrx_word' id='word_1_263' title='bbox 280 3227 303 3274; x_wconf 95' lang='lat' dir='ltr'><em>L</em></span> <span class='ocrx_word' id='word_1_264' title='bbox 315 3244 320 3274; x_wconf 94' lang='lat'><strong>:</strong></span> <span class='ocrx_word' id='word_1_265' title='bbox 339 3243 371 3274; x_wconf 93' lang='lat' dir='ltr'><strong>ea</strong></span> <span class='ocrx_word' id='word_1_266' title='bbox 383 3228 486 3289; x_wconf 89' lang='lat' dir='ltr'><strong>quidem</strong></span> <span class='ocrx_word' id='word_1_267' title='bbox 496 3228 606 3288; x_wconf 76' lang='lat' dir='ltr'><strong>Kayser:</strong></span> <span class='ocrx_word' id='word_1_268' title='bbox 625 3244 656 3276; x_wconf 88' lang='lat' dir='ltr'><strong>ea</strong></span> <span class='ocrx_word' id='word_1_269' title='bbox 668 3229 780 3290; x_wconf 89' lang='lat' dir='ltr'><strong>denique</strong></span> <span class='ocrx_word' id='word_1_270' title='bbox 791 3226 935 3293; x_wconf 82' lang='lat' dir='ltr'><strong>Heerdegen</strong></span> <span class='ocrx_word' id='word_1_271' title='bbox 1026 3231 1043 3278; x_wconf 86' lang='lat'>8</span> <span class='ocrx_word' id='word_1_272' title='bbox 1060 3229 1187 3280; x_wconf 86' lang='lat' dir='ltr'><strong>incendor</strong></span> 
     </span>
     <span class='ocr_line' id='line_1_32' title="bbox 183 3291 1184 3358; baseline 0.003 -16"><span class='ocrx_word' id='word_1_273' title='bbox 183 3295 265 3356; x_wconf 66' lang='lat' dir='ltr'><strong>vulg:</strong></span> <span class='ocrx_word' id='word_1_274' title='bbox 284 3291 490 3341; x_wconf 88' lang='lat' dir='ltr'><strong>incendiosiorL</strong></span> <span class='ocrx_word' id='word_1_275' title='bbox 504 3311 510 3342; x_wconf 75' lang='grc' dir='ltr'><strong>ε</strong></span> <span class='ocrx_word' id='word_1_276' title='bbox 527 3294 688 3343; x_wconf 86' lang='lat' dir='ltr'><strong>incendimur</strong></span> <span class='ocrx_word' id='word_1_277' title='bbox 696 3293 838 3358; x_wconf 82' lang='lat' dir='ltr'><strong>Heerdegen</strong></span> <span class='ocrx_word' id='word_1_278' title='bbox 929 3309 956 3343; x_wconf 82' lang='lat'><strong>11</strong></span> <span class='ocrx_word' id='word_1_279' title='bbox 976 3295 1147 3345; x_wconf 81' lang='lat' dir='ltr'><strong>incredibilis.</strong></span> <span class='ocrx_word' id='word_1_280' title='bbox 1159 3312 1184 3344; x_wconf 88' lang='lat' dir='ltr'><strong>v.</strong></span> 
     </span>
     <span class='ocr_line' id='line_1_33' title="bbox 182 3357 1185 3422; baseline 0.002 -15"><span class='ocrx_word' id='word_1_281' title='bbox 182 3358 367 3408; x_wconf 81' lang='lat' dir='ltr'><strong>admirabilium</strong></span> <span class='ocrx_word' id='word_1_282' title='bbox 379 3358 415 3408; x_wconf 84' lang='lat' dir='ltr'><strong>ed.</strong></span> <span class='ocrx_word' id='word_1_283' title='bbox 431 3357 508 3408; x_wconf 88' lang='lat' dir='ltr'><strong>Ven.:</strong></span> <span class='ocrx_word' id='word_1_284' title='bbox 525 3359 666 3408; x_wconf 85' lang='lat' dir='ltr'><strong>admirabili</strong></span> <span class='ocrx_word' id='word_1_285' title='bbox 678 3358 695 3409; x_wconf 81' lang='lat' dir='ltr'><strong>r&#39;.</strong></span> <span class='ocrx_word' id='word_1_286' title='bbox 706 3375 730 3407; x_wconf 86' lang='lat' dir='ltr'><strong>v.</strong></span> <span class='ocrx_word' id='word_1_287' title='bbox 744 3359 965 3409; x_wconf 88' lang='lat' dir='ltr'><strong>incredibiliumL</strong></span> <span class='ocrx_word' id='word_1_288' title='bbox 1041 3375 1072 3422; x_wconf 89' lang='lat'><strong>19</strong></span> <span class='ocrx_word' id='word_1_289' title='bbox 1088 3375 1123 3408; x_wconf 84' lang='lat' dir='ltr'><strong>ex</strong></span> <span class='ocrx_word' id='word_1_290' title='bbox 1134 3376 1185 3410; x_wconf 88' lang='lat' dir='ltr'><strong>om.</strong></span> 
     </span>
    </p>

    <p class='ocr_par' dir='ltr' id='par_1_8' title="bbox 163 3423 1188 3616">
     <span class='ocr_line' id='line_1_34' title="bbox 163 3423 1188 3488; baseline 0 -16"><span class='ocrx_word' id='word_1_291' title='bbox 163 3452 165 3458; x_wconf 70' lang='lat'><em>,</em></span> <span class='ocrx_word' id='word_1_292' title='bbox 182 3425 222 3473; x_wconf 89' lang='lat' dir='ltr'><strong>L:</strong></span> <span class='ocrx_word' id='word_1_293' title='bbox 239 3424 297 3471; x_wconf 85' lang='lat' dir='ltr'><strong>add.</strong></span> <span class='ocrx_word' id='word_1_294' title='bbox 318 3424 421 3473; x_wconf 83' lang='lat' dir='ltr'><strong>Halm:</strong></span> <span class='ocrx_word' id='word_1_295' title='bbox 438 3423 465 3472; x_wconf 90' lang='lat' dir='ltr'><strong>in</strong></span> <span class='ocrx_word' id='word_1_296' title='bbox 483 3424 575 3471; x_wconf 80' lang='lat' dir='ltr'><strong>maluit</strong></span> <span class='ocrx_word' id='word_1_297' title='bbox 584 3423 724 3488; x_wconf 82' lang='lat' dir='ltr'><strong>Heerdegen</strong></span> <span class='ocrx_word' id='word_1_298' title='bbox 834 3441 866 3473; x_wconf 89' lang='lat' dir='ltr'><strong>ao</strong></span> <span class='ocrx_word' id='word_1_299' title='bbox 883 3426 940 3487; x_wconf 86' lang='lat' dir='ltr'><strong>ipse</strong></span> <span class='ocrx_word' id='word_1_300' title='bbox 952 3433 978 3474; x_wconf 88' lang='lat' dir='ltr'><strong>te</strong></span> <span class='ocrx_word' id='word_1_301' title='bbox 990 3424 1032 3473; x_wconf 87' lang='lat' dir='ltr'><strong>L:</strong></span> <span class='ocrx_word' id='word_1_302' title='bbox 1049 3425 1137 3487; x_wconf 84' lang='lat' dir='ltr'><strong>quiete</strong></span> <span class='ocrx_word' id='word_1_303' title='bbox 1148 3425 1188 3474; x_wconf 83' lang='lat' dir='ltr'><strong>vel</strong></span> 
     </span>
     <span class='ocr_line' id='line_1_35' title="bbox 182 3486 1184 3556; baseline 0.004 -18"><span class='ocrx_word' id='word_1_304' title='bbox 182 3490 280 3538; x_wconf 86' lang='lat' dir='ltr'><strong>virtute</strong></span> <span class='ocrx_word' id='word_1_305' title='bbox 294 3495 338 3537; x_wconf 87' lang='lat' dir='ltr'><strong>tua</strong></span> <span class='ocrx_word' id='word_1_306' title='bbox 349 3488 453 3552; x_wconf 85' lang='lat' dir='ltr'><strong>Sandys</strong></span> <span class='ocrx_word' id='word_1_307' title='bbox 510 3504 567 3538; x_wconf 89' lang='lat' dir='ltr'><strong>cum</strong></span> <span class='ocrx_word' id='word_1_308' title='bbox 579 3486 621 3539; x_wconf 87' lang='lat' dir='ltr'><strong>L:</strong></span> <span class='ocrx_word' id='word_1_309' title='bbox 637 3498 663 3538; x_wconf 87' lang='lat' dir='ltr'><strong>et</strong></span> <span class='ocrx_word' id='word_1_310' title='bbox 675 3497 803 3552; x_wconf 86' lang='lat' dir='ltr'><strong>tamquam</strong></span> <span class='ocrx_word' id='word_1_311' title='bbox 815 3490 884 3539; x_wconf 78' lang='lat' dir='ltr'><strong>Bake</strong></span> <span class='ocrx_word' id='word_1_312' title='bbox 982 3505 1011 3538; x_wconf 86' lang='lat' dir='ltr'><strong>ar</strong></span> <span class='ocrx_word' id='word_1_313' title='bbox 1030 3491 1088 3540; x_wconf 87' lang='lat' dir='ltr'><strong>luce</strong></span> <span class='ocrx_word' id='word_1_314' title='bbox 1099 3492 1184 3556; x_wconf 60' lang='lat' dir='ltr'><strong>vulg:</strong></span> 
     </span>
     <span class='ocr_line' id='line_1_36' title="bbox 182 3552 718 3616; baseline 0.002 -11"><span class='ocrx_word' id='word_1_315' title='bbox 182 3557 265 3605; x_wconf 89' lang='lat' dir='ltr'><strong>lucem</strong></span> <span class='ocrx_word' id='word_1_316' title='bbox 277 3552 299 3601; x_wconf 90' lang='lat' dir='ltr'><em>L</em></span> <span class='ocrx_word' id='word_1_317' title='bbox 400 3571 431 3604; x_wconf 86' lang='lat' dir='ltr'><strong>aa</strong></span> <span class='ocrx_word' id='word_1_318' title='bbox 449 3555 538 3616; x_wconf 87' lang='lat' dir='ltr'><strong>quanti</strong></span> <span class='ocrx_word' id='word_1_319' title='bbox 551 3555 643 3605; x_wconf 77' lang='lat' dir='ltr'><strong>maluit</strong></span> <span class='ocrx_word' id='word_1_320' title='bbox 652 3555 718 3606; x_wconf 80' lang='lat' dir='ltr'><strong>Reid</strong></span> 
     </span>
    </p>
   </div>
   <div class='ocr_carea' id='block_1_4' title="bbox 0 0 1298 4178">
    <p class='ocr_par' dir='ltr' id='par_1_9' title="bbox 0 0 1298 4178">
     <span class='ocr_line' id='line_1_37' title="bbox 0 0 1298 4178; baseline 0 3"><span class='ocrx_word' id='word_1_321' title='bbox 0 0 1298 4178; x_wconf 95' lang='lat' dir='ltr'><strong> </strong></span> 
     </span>
    </p>
   </div>
  </div>
 </body>
</html>
