2588 4178
165 205 200 264 16
216 215 247 278 ⁶3
453 209 495 268 M.
518 210 645 269 TVLLI
668 210 900 296 CICERONIS

215 386 244 435 et
271 374 373 434 Mucia
401 376 465 452 lege
492 374 597 452 repetit
624 376 854 451 Syracusas-et
882 377 1014 453 quodam
1046 379 1139 437 modo
1168 389 1212 437 est

214 493 276 532 non
298 475 379 533 nulla
395 472 426 532 in
448 472 490 532 eis
509 472 599 549 etiam
618 471 694 532 inter
712 473 792 551 ipsos
812 473 985 534 similitudo.
1028 474 1118 534 Acuti
1133 486 1213 547 sunt,

214 573 363 647 elegantes
386 570 473 630 faceti
496 571 617 644 breves3
649 571 702 630 sed
724 570 774 630 ille
797 573 929 631 Graecus
953 573 992 632 ab
1017 572 1100 632 omni
1124 574 1213 633 laude

167 669 200 735 ⁶4
214 666 333 726 felicior.
379 667 482 726 Habet
509 666 589 727 enirn
614 679 710 726 certos
733 667 779 726 sui
804 668 962 741 studiosos,
987 669 1040 746 qui
1064 690 1126 729 non
1151 680 1211 728 tam

214 764 333 824 habitus
361 763 637 842 corporis'opimos
666 783 756 841 quam
784 765 961 842 gracilitates
993 780 1240 841 consectentur,5

149 900 151 904 -
213 881 298 939 quos,
325 864 464 922 valetudo
492 863 584 921 modo
614 862 694 920 bona
721 861 766 934 sit,
794 863 921 923 tenuitas
950 863 1015 941 ipsa
1042 866 1214 925 delectat-

213 979 396 1036 quamquam
417 959 448 1017 in
471 958 558 1034 Lysia
579 969 648 1016 sunt
671 979 760 1036 saepe
782 959 872 1019 etiam
891 960 1000 1033 lacerti,
1021 961 1064 1021 sic
1085 962 1129 1021 uti
1150 963 1213 1022 fieri

213 1055 287 1114 nihil
307 1056 401 1132 possit
422 1054 567 1114 valentius
578 1078 586 1129 ;
601 1075 708 1132 ¹verum
731 1068 775 1115 est
796 1068 875 1117 certe
896 1077 1004 1134 genere
1026 1070 1090 1119 toto
1112 1059 1214 1136 strigo

213 1152 272 1212 sior
285 1184 333 1225 -,
350 1154 403 1213 sed
417 1153 509 1212 habet
523 1163 624 1212 tamen
639 1173 708 1212 suos
723 1155 900 1226 laudatores,
917 1154 968 1232 qui
988 1158 1045 1215 hac
1064 1156 1128 1232 ipsa
1147 1156 1212 1215 eius

167 1227 199 1352 27
213 1250 375 1310 subtilitate
388 1251 554 1310 admodum
567 1252 725 1326 gaudeant.
770 1252 918 1311 Catonem
933 1271 1002 1311 vero
1017 1252 1084 1328 quis
1099 1264 1212 1313 nostro·
1227 1274 1258 1310 ιο

186 1318 199 1365 ⁵
213 1368 277 1406 rum
293 1359 451 1418 oratorum,
467 1346 655 1423 quiquidem
675 1366 755 1407 nunc
775 1359 852 1420 sunt,
867 1348 961 1424 legit?
981 1359 1032 1408 aut
1047 1348 1114 1426 quis
1129 1351 1212 1409 novit

213 1444 361 1504 omnino?
403 1446 443 1502 At
458 1463 548 1520 quem
562 1443 665 1515 virum,
682 1444 713 1503 di
728 1444 819 1504 boni!
841 1445 928 1505 mitto
943 1446 1039 1505 civem
1058 1458 1110 1506 aut
1129 1467 1213 1506 sena-

213 1554 307 1602 torem
318 1553 369 1601 aut
380 1540 588 1618 imperatorem
599 1563 607 1615 3
628 1553 774 1600 oratorem
786 1541 866 1602 enini
878 1544 936 1602 hoc
948 1541 1015 1603 loco
1027 1543 1211 1620 quaerimus:

213 1639 280 1716 quis
294 1639 344 1698 illo
363 1637 479 1716 gravior
495 1638 526 1696 in
545 1638 719 1698 laudando?
739 1639 873 1700 acerbior
891 1639 923 1698 in
940 1640 1159 1718 vituperando?
1179 1640 1210 1699 in

213 1735 366 1796 sententiis
381 1723 540 1812 argutior?
567 1734 598 1794 in
619 1737 759 1796 docendo
780 1736 1032 1814 edisserendoque
1053 1737 1211 1797 subtilior?
1227 1758 1255 1806 ¹⁵

214 1837 352 1894 Refertae
367 1844 436 1892 sunt
450 1832 599 1892 orationes
612 1833 739 1911 amplius
758 1845 880 1895 centum
895 1834 1121 1912 quinquaginta,
1136 1837 1211 1912 quas

212 1931 335 2008 quidem
356 1932 456 1990 adhuc
477 1929 641 1989 invenerim
660 1942 690 1990 et
710 1930 841 2007 legerim,
855 1943 885 1991 et
898 1931 995 1991 verbis
1007 1943 1042 2005 et
1061 1932 1149 1991 rebus
1169 1931 1212 1990 in-

212 2028 362 2088 lustribus.
406 2026 491 2086 Licet
512 2046 548 2086 ex
567 2027 613 2086 his
634 2027 743 2104 eligant
762 2047 798 2088 ea
814 2048 892 2104 quae
909 2028 1063 2089 notatione
1077 2040 1107 2089 et
1122 2031 1211 2090 laude

214 2126 304 2203 digna
332 2125 408 2184 sint:
438 2144 543 2185 omnes
570 2125 715 2186 oratoriae
743 2124 864 2185 virtutes
892 2125 922 2184 in
948 2126 990 2186 eis
1019 2126 1208 2205 reperientur.

167 2222 200 2272 ⁶⁶
215 2226 280 2283 lam
295 2244 365 2283 vero
379 2221 516 2298 Origines
538 2221 601 2281 eius
619 2241 710 2298 quem
732 2225 834 2282 florem
854 2234 906 2283 aut
924 2226 1007 2300 quod
1029 2226 1130 2283 lumen
1151 2227 1211 2284 elo
1225 2241 1257 2275 20

213 2320 353 2397 quentiae
368 2339 429 2379 non
443 2319 580 2379 habent?
621 2322 778 2380 Amatores
793 2319 863 2380 huic
878 2322 995 2394 desunt,
1008 2320 1095 2380 sicuti
1109 2321 1211 2381 multis

214 2419 272 2477 iam
292 2429 361 2477 ante
383 2416 508 2476 saeculis
530 2427 559 2475 et
578 2415 702 2476 Philisto
725 2416 881 2493 Syracusio
902 2429 932 2476 et
952 2417 1007 2494 ipsi
1028 2418 1209 2494 Thucydidi.

214 2518 294 2575 Nam
308 2526 341 2574 ut
355 2516 462 2574 horum
477 2513 605 2573 concisis
620 2513 781 2586 sententiis,
792 2513 943 2592 interdum
958 2515 1048 2575 etiam
1063 2536 1130 2575 non·
1138 2516 1211 2576 satis

215 2608 340 2694 [autem]
361 2611 470 2687 apertis
493 2631 562 2669 cum
585 2609 728 2671 brevitate
749 2624 813 2670 tum
835 2611 929 2671 nimio
950 2612 1096 2688 acumine,
1119 2614 1211 2673 officit

213 2712 430 2786 Theopompus
444 2708 573 2768 elatione
586 2719 676 2784 atque
694 2708 852 2768 altitudine
870 2708 1012 2769 orationis
1028 2730 1099 2770 suae
1114 2709 1211 2788 (quod
1225 2732 1255 2781 ²5

214 2807 294 2867 idem
310 2805 415 2882 Lysiae
436 2803 668 2882 Demosthenes)
683 2805 726 2865 sic
741 2806 865 2868 Catonis
883 2806 1046 2867 luminibus
1065 2808 1211 2867 obstruxit

167 2903 200 2966 67
214 2906 288 2964 hacc
302 2902 499 2980 posteriorum
514 2901 599 2980 quasi
613 2915 785 2980 exaggerata
798 2903 886 2964 altius
899 2904 1002 2964 oratio
1045 2905 1106 2965 Sed
1124 2924 1161 2964 ea
1176 2904 1210 2983 in

214 3001 321 3062 nostris
341 3000 457 3060 inscitia
475 3012 529 3073 est,
545 3003 628 3077 quod
646 3000 676 3060 hi
697 3000 762 3079 ipsi,
778 3001 830 3078 qui
846 3001 877 3060 in
892 3001 1014 3062 Graecis
1033 3001 1211 3078 antiquitate

213 3100 399 3159 delectantur
412 3118 507 3175 eaque
522 3098 691 3170 subtilitate,
707 3118 797 3174 quam
812 3097 942 3157 Atticam
956 3101 1116 3175 appellant,
1132 3100 1210 3159 hanc

215 3196 246 3256 in
261 3196 378 3256 Catone
392 3215 430 3254 ne
445 3206 590 3254 noverunt
606 3195 738 3271 quidem.
783 3193 954 3272 Hyperidae
973 3197 1077 3254 volunt
1096 3216 1161 3255 esse
1181 3207 1210 3256 et
1224 3215 1256 3262 30

168 3301 202 3352 68
217 3293 330 3369 Lysiae.
374 3294 489 3352 Laudo,
531 3295 591 3353 Sed
606 3312 658 3351 cur
672 3295 777 3352 nolunt
792 3293 947 3353 Catones?
988 3292 1089 3352 Attico
1103 3313 1211 3370 genere

250 3464 263 3508 7
281 3448 318 3495 uti
331 3445 440 3508 Stangl:
457 3453 485 3493 ut
497 3452 523 3493 et
534 3445 617 3494 ended:
634 3458 660 3493 et
671 3446 724 3494 secl.
738 3445 791 3494 edd.
912 3462 944 3507 24
962 3453 1046 3494 autem
1058 3447 1110 3495 secl.
1124 3447 1192 3510 vulg.
1205 3465 1210 3494 :

217 3513 345 3560 interdum
358 3519 445 3558 autem
457 3527 509 3559 non
522 3513 583 3560 satis
596 3511 700 3559 Martha
777 3511 862 3559 effecit
875 3513 967 3559 maluit
985 3512 1081 3560 Schultz
1178 3528 1210 3573 25

215 3579 285 3640 quod
376 3577 565 3625 Demosthenes
585 3578 638 3626 secl.
658 3577 752 3624 Schrtta
932 3593 962 3638 27
981 3593 1011 3626 ea
1031 3577 1114 3624 Bake:
1141 3584 1167 3626 et
1187 3576 1210 3626 L

215 3658 249 3705 30
267 3642 397 3706 nevulg.:
415 3642 501 3690 nonL
608 3657 637 3704 31
656 3643 771 3691 Catones
781 3642 864 3704 vulga:
882 3640 1023 3692 CatonisL
