2588 4178
72 273 74 276 Ι
107 194 146 267 78
162 219 210 270 ²70
427 197 471 256 M.
496 197 625 256 TVLLI
653 195 887 289 CICERONIS

159 359 310 429 morandis
333 359 423 422 etiam
445 360 519 422 illud
540 362 700 440 adsequor,
720 373 753 421 ut
774 360 951 441 intellegatis
972 360 1102 439 primum
1123 379 1160 420 ex

160 459 243 521 omni
263 479 389 520 numero
403 479 493 542 quam
514 480 577 521 non
597 459 683 520 multi
703 459 768 521 ausi
789 460 848 521 sint
868 459 975 533 dicere,
991 458 1102 520 deinde
1123 478 1160 519 ex

98 581 128 634 27
133 557 202 618 reis
223 556 294 634 ipsis
314 576 404 634 quam
420 557 508 635 pauci
531 557 639 619 fuerint
661 559 751 619 laude
776 557 866 636 digni
909 559 1017 635 Itaque
1041 577 1081 617 ne
1102 557 1159 616 hos

159 653 281 732 quidem
296 653 411 732 equites
426 657 589 728 Romanos,
604 655 718 716 amicos
731 666 857 729 nostros,
873 654 925 733 qui
941 675 1037 733 nuper
1050 651 1160 714 mortui

160 764 240 824 sunt,
253 755 385 812 omt‘ttam
403 757 434 812 Ρ.
448 753 622 816 Cominium
640 753 836 832 Spoletinum,
853 773 914 831 quo
935 763 1096 814 accusante
1109 753 1188 816 de·5

159 850 241 912 feudi
253 852 287 913 C.
301 849 483 924 Cornelium,
499 851 530 911 in
546 871 607 929 quo
621 862 651 912 et
664 850 866 929 compositum
881 849 1010 931 dicendi
1021 869 1115 928 genus
1129 860 1160 910 et

159 967 226 1008 acre
237 959 267 1008 et
275 942 447 1025 expeditum
461 948 517 1009 fuit
528 970 541 1022 3
564 951 600 1009 T.
611 948 738 1010 Accium
748 947 1060 1021 Pisaurensemcuius
1074 967 1160 1008 accu-

161 1044 269 1107 sationi
283 1045 424 1124 respondi
438 1066 492 1124 pro
506 1048 543 1106 A.
560 1046 709 1121 Cluentio,
726 1046 778 1125 qui
793 1059 823 1107 et
836 1057 974 1108 accurate
988 1034 1109 1108 dicebat
1130 1041 1160 1106 et

158 1142 229 1203 satis
253 1142 383 1222 copiose,
407 1155 529 1222 eratque
549 1156 699 1223 praeterea
720 1146 828 1207 doctus
851 1147 1055 1222 Hermagorae
1079 1163 1161 1222 prae
1195 1140 1198 1144 ⁴

159 1239 260 1318 ceptis,
274 1230 275 1233 ¹
291 1240 400 1318 quibus
427 1241 482 1303 etsi
510 1254 685 1304 ornamenta
711 1263 773 1323 nou
801 1241 872 1303 satis
899 1233 1014 1320 opima
1028 1240 1158 1314 dicendi,
1176 1255 1206 1295 10

159 1350 268 1411 tamen,
289 1349 322 1399 ut
342 1341 445 1400 hastae
459 1340 598 1401 velitibus
617 1352 794 1414 amentatae,
814 1340 857 1401 sic
877 1351 947 1419 apta
961 1339 1111 1418 quaedam
1130 1349 1160 1399 et

158 1447 260 1513 parata
282 1436 404 1515 singulis
428 1420 589 1498 causarumn
611 1437 769 1516 generibus
796 1448 971 1517 argumenta
994 1439 1158 1498 traduntur.

99 1548 144 1599 ²7²
159 1532 266 1595 Studio
279 1546 381 1596 autem
395 1534 552 1596 neminem·
560 1556 617 1597 nec
631 1535 777 1596 industria
790 1536 902 1596 maior‘e
912 1534 1047 1614 cognovi,
1058 1554 1160 1612 quam-

159 1651 250 1709 quam
274 1652 313 1692 ne
340 1631 461 1710 ingenio
488 1632 611 1710 quidem
639 1632 691 1711 qui
717 1632 894 1712 praestiterit
921 1631 1007 1694 facile
1035 1630 1160 1693 dixerim

159 1730 194 1792 C.
212 1728 313 1790 Pisoni
326 1750 437 1807 genero
456 1750 532 1792 meo.
576 1732 700 1791 Nullum
720 1742 838 1809 tempus
857 1730 899 1790 illi
918 1750 1062 1808 umquam
1076 1747 1204 1798 vaca-15

158 1827 211 1887 bat
224 1837 276 1887 aut
293 1847 312 1886 a
329 1826 440 1888 forensi
460 1827 592 1889 dictione
611 1840 663 1888 aut
683 1850 702 1889 a
721 1827 975 1890 commentatione
994 1827 1161 1889 domestica

158 1935 209 1984 aut
223 1943 242 1983 a
255 1923 413 2005 scribendo
433 1919 486 1984 aut
505 1945 524 1985 a
541 1925 712 2004 cogitando.
756 1929 863 2004 Itaque
883 1937 1160 2004 tantos-processus

159 2020 307 2082 efficiebat
325 2032 358 2082 ut
376 2025 500 2096 evolare,
513 2043 579 2093 non
596 2043 748 2086 excurrere
761 2024 931 2099 videretur;
958 2035 1080 2101 eratque
1096 2044 1159 2084 ver·

159 2120 266 2181 borum
291 2132 321 2182 et
344 2120 471 2182 dilectus
493 2123 612 2200 elegans
636 2134 667 2184 et
688 2134 758 2201 apta
779 2133 809 2183 et
831 2121 916 2200 quasi
938 2124 1068 2183 rotunda
1089 2143 1160 2184 con-

159 2218 300 2294 structio;
322 2239 452 2296 cumque
470 2231 644 2298 argumenta
660 2219 902 2298 excogitabantur
915 2222 955 2281 ab
969 2240 1007 2281 eo
1021 2222 1115 2281 multa
1129 2232 1160 2282 et
1175 2233 1206 2269 ²0

159 2317 243 2377 firma
261 2318 300 2377 ad
319 2317 508 2395 probandum
527 2329 591 2379 tum
610 2317 776 2380 concinnae
792 2329 957 2397 acutaeque
974 2318 1160 2392 sententiae3

158 2425 318 2492 gestusque
337 2427 442 2476 natura
462 2415 509 2477 ita⁴
521 2428 663 2477 venustus
682 2428 716 2476 ut
733 2437 780 2477 ars
799 2416 898 2489 etiam,
914 2436 992 2494 quae
1008 2436 1070 2477 non
1087 2428 1157 2490 erat,

159 2523 188 2572 et
209 2532 226 2572 e
247 2512 401 2591 disciplina
423 2527 522 2575 motus
543 2514 669 2592 quidam
685 2513 833 2575 videretur
851 2515 1002 2575 accedere.
1046 2517 1161 2576 Vereor

158 2629 197 2670 ne
216 2629 317 2671 amore
337 2609 438 2671 videar
458 2613 543 2689 plura
563 2632 653 2689 quam
673 2612 782 2673 suerint
802 2611 834 2671 in
854 2611 905 2672 illo
926 2611 1026 2673 dicere
1035 2634 1044 2687 3
1075 2613 1160 2689 quod

158 2727 220 2768 non
241 2707 283 2768 ita
302 2719 347 2768 est
356 2730 365 2783 ;
389 2707 448 2768 alia
467 2708 548 2769 enim
569 2710 612 2770 de
624 2709 676 2777 illo
696 2709 809 2770 maiora
822 2709 882 2770 dici
900 2723 1034 2788 possunt.
1078 2711 1159 2770 Nam
1175 2723 1204 2774 τε

158 2825 215 2865 nec
236 2804 420 2866 continentia
440 2826 497 2866 nec
517 2805 627 2883 pietate
648 2827 704 2868 nec
725 2809 787 2867 ullo
807 2827 915 2884 genere
928 2806 1043 2869 virtutis
1058 2827 1161 2885 quem-

99 2874 250 3012 279quam
274 2902 409 2963 eiusdem
432 2903 537 2964 aetatis
561 2924 630 2964 cum
655 2904 707 2965 illo
728 2906 943 2965 conferendum
966 2917 1048 2982 puto.
1093 2907 1160 2966 Nec

132 2962 229 3061 3vero
244 3002 287 3060 M.
304 2999 441 3062 Caelium
457 3003 706 3079 praetereundum
725 3001 857 3075 arbitror,
873 3021 1081 3080 quaecumque
1095 3002 1159 3063 eius

159 3099 190 3156 in
204 3096 283 3157 exitu
297 3099 344 3157 vel
363 3099 490 3158 fortuna
497 3101 544 3158 vel
565 3118 649 3160 mens
670 3098 745 3159 fuit·
737 3119 819 3190 ‚qur
811 3098 976 3177 quamdiu
990 3099 1159 3161 auctoritati

159 3213 244 3253 meae
271 3193 376 3272 paruit,
405 3195 471 3256 talis
498 3196 634 3257 tribunus
661 3146 757 3275 plebis
784 3185 840 3257 fuit
872 3208 905 3257 ut
934 3218 1025 3259 nemo
1055 3210 1160 3259 contra
1174 3218 1205 3265 30

158 3290 268 3351 civium
281 3292 472 3370 perditorum
494 3296 667 3373 popularem
688 3295 951 3372 turbulentamque
974 3296 1158 3356 dementiam

159 3409 177 3449 a
198 3401 302 3450 senatu
324 3401 353 3451 et
376 3411 395 3450 a
419 3392 566 3453 bonorum
591 3413 681 3453 causa
704 3392 817 3453 steterit
837 3393 1030 3453 constantius.
1072 3396 1160 3455 Anti-

103 2870 121 2931 7

192 3559 207 3606 5
225 3545 338 3594 omittam
356 3545 413 3595 add.
436 3546 533 3608 Kayser
688 3563 720 3610 32
738 3550 868 3610 antiquam
887 3546 998 3613 Stangl:
1024 3565 1098 3612 quam
1119 3551 1159 3599 L:

160 3609 265 3659 nimiam
276 3609 407 3660 Eberhard
