2588 4178
113 203 216 264 28100
407 206 451 265 Μ.
474 204 603 264 TVLLI
624 202 858 265 CICERONIS

165 373 321 452 iniquitate
339 372 473 446 actionis,
494 374 533 433 de
553 373 755 449 comparanda
775 367 933 448 aequitate,
948 371 1032 447 quod
1052 388 1089 430 ea
1107 369 1165 428 fere

164 471 280 550 generis
302 470 365 533 eius
387 482 456 531 sunt
474 481 515 542 ut,
531 488 715 547 quamquam
735 467 766 527 in
787 466 886 546 ipsum
907 466 1052 528 iudicium
1076 486 1165 544 saepe

165 569 351 642 delabuntur,
360 579 460 629 tamen
471 578 541 627 ante
551 566 696 627 iudicium
705 567 859 626 tractanda
867 564 1032 638 videantur,
1043 567 1165 641 paulurn

164 686 200 727 ea
216 687 321 745 separo
340 687 358 726 a
375 665 492 726 iudiciis
512 677 647 742 tempore
668 664 761 741 magis
780 663 890 742 agendi
908 683 1000 742 quam
1018 662 1165 726 dissimili-

164 764 269 825 tudine
292 763 415 841 generis.
458 764 538 823 Nam
566 760 668 822 omnia
694 782 772 839 quae
796 763 835 823 de
859 761 923 822 iure
949 760 1028 821 civili
1052 772 1104 821 aut
1127 762 1189 823 det

163 881 262 938 aequo
283 873 313 922 et
332 861 413 921 bono
432 860 636 937 disceptantur
651 861 763 920 cadunt
782 859 813 919 in
835 880 902 920 eam
918 862 1046 920 formam
1065 877 1165 921 causa-

163 979 237 1032 rum,
254 958 285 1018 in
300 963 360 1035 qua
373 960 461 1035 quale
475 957 548 1035 quid
563 957 601 1017 sit
619 957 786 1034 ambigitur,
801 959 841 1019 de
854 977 914 1035 qua
928 955 1036 1017 dicturi
1051 975 1162 1028 sumus,

164 1076 241 1132 quae
255 1055 285 1115 in
300 1055 449 1133 aequitate
462 1065 492 1114 et
506 1054 537 1114 in
554 1054 617 1115 iure
637 1054 764 1115 maxime
782 1053 927 1115 consistit.
971 1055 1008 1113 In
1022 1052 1164 1113 omnibus

162 1152 250 1231 igitur
263 1152 360 1213 causis
375 1163 432 1213 tres
446 1164 516 1211 sunt
529 1152 646 1229 gradus,
662 1151 821 1229 exquibus
835 1170 913 1211 unus
926 1149 1033 1227 aliquis
1047 1149 1165 1226 capien-

162 1251 219 1310 dus
233 1261 287 1324 est,
303 1249 327 1310 si
346 1249 437 1327 pluris
456 1269 518 1310 non
531 1269 633 1325 queas,
648 1251 688 1310 ad
705 1248 911 1310 resistendum.
955 1249 1034 1308 Nam
1052 1257 1105 1307 aut
1124 1247 1164 1307 ita
1176 1257 1204 1294 ¹0

162 1347 387 1408 consistendum
409 1358 463 1420 est,
485 1359 518 1407 ut
537 1346 569 1406 id
583 1366 644 1425 quo
658 1348 697 1407 de
713 1346 809 1424 agitur
828 1348 941 1406 factum
958 1364 1048 1423 neges
1062 1356 1123 1418 aut,
1139 1344 1164 1405 si

161 1446 274 1505 factum
294 1447 412 1518 fateare,
427 1464 518 1522 neges
538 1464 605 1504 eam
625 1443 684 1503 vim
706 1444 817 1504 habere
834 1455 925 1522 atque
943 1443 975 1504 id
993 1462 1060 1503 esse
1080 1443 1164 1520 quod

161 1541 346 1603 adversarius
359 1541 538 1614 criminetur,
553 1552 613 1614 aut,
629 1541 654 1600 si
668 1561 766 1618 neque
780 1543 820 1602 de
833 1543 912 1602 facto
926 1560 1025 1618 neque
1039 1542 1079 1601 de
1094 1539 1164 1600 facti

160 1639 360 1717 appellatione
380 1638 491 1717 ambigi
513 1650 620 1716 potest,
635 1637 667 1699 id
684 1638 767 1715 quod
785 1657 907 1716 arguare
920 1657 1011 1714 neges
1024 1639 1085 1698 tale
1098 1656 1164 1697 esse

161 1739 249 1813 quale
263 1737 312 1797 ifle
325 1737 407 1798 dicat
420 1748 450 1797 et
464 1747 577 1798 rectum
592 1756 658 1796 esse
672 1737 755 1813 quod
769 1735 873 1796 feceris
893 1736 1162 1803 concedendumve
1176 1740 1200 1789 ¹⁵

101 1856 146 1892 ιω
160 1836 313 1906 defendas.
357 1836 404 1894 Ita
430 1834 543 1913 primus
567 1834 617 1894 ille
641 1845 734 1894 status
759 1845 789 1894 et
812 1832 898 1911 quasi
919 1831 1071 1895 conflictio
1092 1852 1162 1893 cum

159 1931 329 1992 adversario
349 1931 520 1991 coniectura
536 1932 677 2008 quadam,
696 1934 845 1993 secundus
863 1942 964 1992 autem
985 1929 1162 1992 definitione

162 2025 225 2109 [aut
239 2027 451 2111 descriptione]
466 2040 556 2107 atque
574 2029 784 2090 informatione
798 2028 888 2102 verbi,
904 2027 1007 2089 tertius
1026 2027 1115 2106 aequi
1133 2038 1162 2087 et

160 2126 232 2186 recti
256 2137 286 2187 et
311 2126 434 2187 humani
458 2128 497 2187 ad
522 2127 739 2204 ignoscendum
763 2125 965 2204 disputatione
989 2128 1161 2187 tractandus

160 2235 213 2284 est.
260 2227 299 2284 Et
323 2223 466 2301 quoniam
494 2244 611 2302 semper
631 2223 656 2283 is
680 2223 732 2301 qui
752 2223 888 2284 defendit
909 2243 971 2283 non
997 2225 1097 2283 solum
1121 2238 1201 2284 reto

159 2320 243 2381 sistat
256 2332 374 2399 oportet
387 2321 488 2397 aliquo
503 2332 584 2382 certo
599 2332 676 2381 statu
691 2332 742 2381 aut
756 2320 913 2381 infitiando
923 2331 975 2380 aut
985 2320 1160 2382 definiendo

158 2430 210 2478 aut
223 2419 374 2496 aequitate
387 2421 577 2497 opponenda,
594 2420 654 2479 sed.
666 2417 756 2479 etiam
776 2417 921 2479 rationem
938 2416 1066 2478 subiciat
1079 2438 1161 2479 recu·

159 2515 281 2577 sationis
309 2535 388 2589 suae,
417 2515 530 2592 primus
557 2515 607 2576 ille
637 2526 730 2576 status
764 2514 910 2575 rationem
943 2515 1035 2576 habet
1066 2513 1162 2593 iniqui

95 2637 97 2640 ’
158 2613 289 2672 criminis
300 2612 396 2690 ipsam
410 2612 599 2690 negationem
614 2611 883 2689 infitiationemque
892 2611 981 2686 facti3
1000 2614 1159 2685 secundus,

158 2713 241 2788 quod
262 2730 324 2771 non
346 2709 383 2770 sit
404 2709 485 2770 inre
505 2711 589 2786 quod
609 2709 648 2770 ab
668 2708 836 2769 adversario
856 2720 985 2786 ponatur
1000 2708 1032 2770 in
1048 2711 1141 2770 verbo
1153 2731 1162 2785 ;
1174 2729 1201 2780 ²5

157 2807 268 2880 tertius,
295 2808 378 2884 quod
407 2803 465 2888 [id]
494 2817 608 2867 rectum
635 2825 701 2867 esse
728 2807 871 2867 defendat
897 2808 982 2883 quod
1008 2805 1074 2867 sine
1101 2809 1162 2868 ulla

98 2927 143 2975 103
158 2905 288 2965 nominis
316 2903 516 2966 controversia
546 2906 657 2964 factum
685 2923 742 2963 esse
768 2904 901 2964 fateatur.
959 2901 1079 2964 Deinde
1109 2903 1162 2965 uni

157 3000 266 3078 cuique
287 3000 393 3060 rationi
414 3002 630 3078 opponendum
652 3012 696 3061 est
716 2999 756 3059 ab
775 3010 948 3061 accusatore
969 2999 1001 3060 id
1021 3002 1114 3077 quod,
1136 3000 1162 3061 si

157 3117 219 3157 non
244 3108 322 3158 esset
346 3093 383 3156 in
401 3097 599 3168 accusatione,
622 3117 712 3157 causa
735 3095 861 3157 omnino
880 3115 1029 3157 essenon
1049 3108 1160 3174 posset

158 3196 265 3272 Itaque
286 3214 417 3272 eaquae
436 3193 478 3255 sic
497 3196 662 3254 referuntur
680 3192 865 3255 continentia
885 3214 1041 3255 causarum
1055 3214 1162 3256 vocen·
1174 3211 1203 3263 30

107 1021 150 1080 29

104 1110 147 1146 101

192 3360 219 3396 11
237 3363 288 3410 quo
300 3349 332 3397 de
344 3347 430 3409 agitur
440 3347 478 3397 P:
496 3349 565 3411 quod
577 3349 685 3398 obicitur
701 3347 769 3398 codd.
783 3348 839 3399 dett.
981 3348 1003 3397 si
1014 3349 1110 3399 facturn
1121 3349 1163 3401 P:

157 3412 181 3461 id
200 3416 269 3475 quod
288 3414 380 3462 factum
397 3412 466 3462 codd.
486 3413 541 3462 dett.
642 3417 675 3462 26
692 3415 717 3464 id
735 3429 785 3464 om.
807 3413 833 3462 P
907 3420 1004 3464 rectum
1022 3413 1065 3463 P:
1090 3424 1163 3466 recte

156 3477 249 3527 factum
272 3481 290 3531 β
311 3484 351 3528 etc.
493 3494 612 3529 esse...
631 3480 724 3528 factum
744 3496 793 3529 om.
818 3479 844 3528 P
963 3494 994 3541 27
1023 3493 1082 3530 esse
1101 3481 1160 3533 add.

153 3542 277 3594 Friedn'ch
373 3544 482 3593 fateatur
499 3543 538 3592 P:
555 3544 651 3593 fatetur
670 3545 739 3610 vulg.
