2588 4178
558 203 723 263 aavrvs
1112 210 1190 276 17⁶⁸

134 369 262 431 dicendi
284 389 316 430 se
340 372 470 448 gaudere
492 370 605 431 dicunt.
649 370 804 448 Sapienter
828 369 859 431 id
881 369 1004 448 quidem
1016 392 1024 442 ;
1050 382 1140 448 atque

135 467 254 527 utinam
270 467 460 542 imitarentur,
482 488 538 529 nec
557 489 625 529 ossa
644 471 741 529 solum
763 470 816 529 sed
836 468 925 529 etiam
944 468 1140 545 sanguinem!

136 568 266 626 Gratum
283 577 328 626 est
347 578 448 626 tamen
467 567 550 643 quod
570 568 789 628 volunt-Cur
807 565 894 643 igitur
908 566 1012 642 Lysias
1033 577 1063 626 et
1079 569 1141 642 Hy·

135 662 257 741 perides
281 676 406 737 amatur,
428 684 498 724 cum
524 663 642 742 penitus
668 664 818 743 ignoretur
840 665 942 726 Cato?
981 662 1141 740 Antiquior

105 771 183 820 test
205 761 294 822 huius
317 781 416 823 sermo
437 774 466 822 et
487 764 636 839 quaedam
659 762 823 823 horridiora
846 762 943 821 verba
988 763 1035 820 Ita
1059 760 1140 821 enim

135 871 203 917 tum
226 861 434 937 loquebantur.
479 862 516 920 Id
538 872 631 934 muta,
646 861 729 937 quod
751 871 815 920 tum
834 859 883 919 ille
903 879 965 919 non
982 858 1088 936 potuit,
1110 871 1141 918 et

134 958 219 1017 adde
232 977 373 1017 numeros
388 968 418 1017 et
432 966 468 1016 ut
480 958 577 1035 aptior
591 957 629 1017 sit
643 957 746 1030 oratio,
758 957 822 1034 ipsa
835 957 926 1016 verba
943 975 1094 1034 compone
1109 968 1139 1016 et

135 1053 224 1130 quasi
240 1066 428 1132 coagmenta,
442 1057 525 1132 quod
544 1076 583 1116 ne
598 1053 704 1115 Graeci
724 1054 847 1132 quidem
862 1067 975 1114 veteres
991 1053 1140 1114 factitave-

134 1165 225 1211 runt:
246 1152 305 1212 iam
327 1152 479 1213 neminem
498 1164 664 1231 antepones
683 1151 801 1215 Catoni.
845 1151 952 1213 Omari
973 1151 1137 1212 orationem
1151 1158 1185 1225 ⁶9

91 1275 121 1309 10
135 1249 247 1309 Graeci
268 1262 382 1328 putant,
404 1250 429 1309 si
449 1252 607 1312 verborum
629 1249 887 1310 immutationibus
912 1262 1039 1323 utantur,
1062 1269 1139 1327 quos

134 1349 290 1425 appellant
303 1350 433 1426 τρόπους,
447 1361 477 1409 et
491 1348 704 1409 sententiarum
719 1345 921 1424 orationisque
935 1347 1045 1418 formis,
1061 1367 1140 1424 quae

135 1458 247 1505 vocant
268 1449 422 1526 σχήματαε
444 1467 506 1507 non
525 1445 585 1506 veri
606 1444 703 1505 simile
723 1456 768 1505 est
788 1464 879 1521 quam
901 1444 938 1505 sit
960 1445 990 1504 in
1012 1456 1139 1522 utroque

134 1562 246 1620 genere
260 1556 290 1604 et
303 1546 407 1605 creber
423 1555 454 1604 et
470 1543 628 1604 distinctus
643 1545 728 1605 Cato.
772 1544 838 1602 Nec
855 1561 925 1602 vero
945 1541 1048 1620 ignoro
1065 1562 1138 1602 non·
1150 1539 1185 1597 18

136 1642 213 1700 dum
235 1661 300 1702 esse
319 1642 389 1702 satis
408 1642 535 1720 politum
552 1643 633 1700 hunc
647 1652 795 1701 oratorem
810 1651 839 1700 et
853 1641 1058 1717 quaerendum
1073 1659 1139 1700 esse

93 1757 123 1808 ¹⁵
136 1738 253 1816 aliquid
271 1739 448 1817 perfectius3
469 1738 581 1816 quippe
594 1758 664 1798 cum
679 1737 720 1798 ita
734 1737 772 1798 sit
785 1739 825 1798 ad
841 1749 1008 1797 nostrorum
1027 1748 1141 1814 tempo

135 1856 204 1896 rum
213 1836 360 1897 rationem
370 1848 503 1911 vetus,ut
511 1836 621 1896 nullius
630 1835 772 1913 scriptum
783 1847 877 1895 exstet
885 1833 1010 1911 dignum
1016 1833 1140 1911 quidem

135 1933 267 1995 lectione
288 1936 371 2012 quod
392 1934 429 1995 sit
446 1933 606 2012 antiquius.
650 1934 710 1993 Sed
733 1932 844 1993 maiore
865 1934 979 1992 honore
998 1931 1029 1990 in
1047 1931 1140 1992 omni-

135 2030 194 2091 bus
208 2031 321 2092 artibus
334 2052 425 2109 quam
437 2031 468 2091 in
479 2034 536 2092 hac
547 2051 608 2091 una
617 2042 680 2090 arte
691 2028 812 2090 dicendi
823 2040 955 2089 versatur
968 2028 1137 2106 antiquitas.

135 2127 216 2203 Quis
235 2128 315 2188 enim
334 2149 437 2189 eorum
456 2129 509 2206 qui
528 2131 602 2188 haec
622 2127 737 2187 minora
757 2127 996 2186 animadvertunt
1018 2145 1079 2185 non
1097 2125 1139 2184 in·
1153 2137 1185 2192 70

93 2249 124 2286 πο
135 2225 251 2302 tellegit
266 2226 400 2288 Canachi
419 2226 502 2304 signa
519 2224 657 2303 rigidiora
671 2245 736 2286 esse
750 2244 841 2302 quam
856 2235 889 2284 ut
903 2223 1055 2283 imitentur
1068 2222 1140 2283 veri·

134 2334 251 2396 tatem;
280 2323 444 2385 Calamidis
469 2325 543 2384 dura
567 2323 618 2383 illa
638 2322 770 2400 quidem,
792 2324 845 2382 sed
874 2333 975 2382 tamen
1004 2320 1140 2381 molliora

134 2439 229 2496 quam
239 2420 373 2482 Canachi
383 2443 392 2496 ;
413 2422 549 2481 nondum
560 2419 695 2497 Myronis
706 2421 776 2480 satis
786 2422 826 2480 ad
835 2419 988 2480 veritatem
999 2420 1138 2482 adducta,
1213 2484 1219 2489 ,

134 2516 198 2576 iam
223 2529 324 2577 tamen
347 2537 424 2595 quae
447 2537 510 2577 non
535 2517 656 2578 dubites
680 2519 804 2595 pulchra
826 2516 947 2590 dicere;
971 2515 1140 2593 pulchriora

134 2613 228 2674 etiam
244 2614 379 2691 Polycliti
393 2626 424 2675 et
437 2614 497 2674 iam
512 2617 600 2692 plane
615 2616 753 2692 perlecta,
769 2626 802 2673 ut
822 2612 896 2672 mihi
909 2613 1032 2690 quidem
1047 2612 1140 2687 videri

91 2731 120 2783 ²5
135 2714 258 2773 solent?
296 2712 407 2773 Similis
417 2713 449 2772 in
461 2713 575 2791 pictura
586 2713 660 2774 ratio
674 2725 737 2787 est3
758 2712 859 2790 inqua
873 2711 995 2771 Zeuxim
1010 2723 1040 2771 et
1056 2714 1140 2788 Poly·

135 2821 263 2887 gnotum
284 2822 315 2869 et
337 2809 531 2870 Timanthem
556 2822 722 2882 eteorum,
749 2808 801 2887 qui
824 2829 886 2869 non
911 2820 981 2868 sunt
1003 2808 1049 2868 usi
1072 2811 1139 2886 plus

135 2927 229 2985 quam
249 2919 389 2984 quattuor
409 2907 568 2978 coloribus,
589 2909 699 2968 formas
720 2918 750 2967 et
771 2906 944 2966 liniamenta
964 2908 1121 2966 laudamus
1131 2929 1140 2980 3

134 3016 168 3065 at
188 3003 220 3064 in
239 3003 369 3064 Aetione
390 3003 579 3065 Nicomacho
605 3007 772 3081 Protogene
793 3005 899 3081 Apelle
923 3003 981 3062 iam
1008 3005 1139 3080 perlecta

136 3114 209 3162 sunt
223 3101 333 3161 omnia.
378 3105 417 3162 Et
432 3101 534 3163 nescio
547 3122 587 3161 an
601 3102 721 3179 reliquis
743 3101 773 3161 in
793 3102 881 3161 rebus
900 3101 1041 3161 omnibus
1055 3100 1136 3161 idem
1153 3123 1179 3176 7¹

87 3223 122 3272 30
136 3197 276 3261 eveniat:
300 3198 375 3258 nihil
396 3211 440 3259 est
464 3199 545 3259 enim
567 3200 654 3259 simul
676 3212 705 3260 et
727 3199 881 3259 inventum
902 3210 932 3259 et
956 3201 1140 3276 perfectum;

168 3360 322 3415 3gratum.
337 3390 344 3404 .
357 3390 364 3403 .
378 3353 470 3402 volunt
487 3353 539 3405 secl.
553 3353 685 3403 Eberhard
800 3354 926 3414 qutadd.
939 3355 1008 3416 vulg.
1111 3371 1140 3404 ro

133 3427 240 3468 utamur
258 3419 349 3467 maluit
365 3417 462 3482 Stangl
625 3435 654 3480 13
672 3419 763 3468 creber
783 3427 809 3468 et
826 3420 852 3467 F
853 3419 918 3468 ‘M‘z
944 3421 1061 3468 creberet
1081 3419 1139 3468 M¹:

133 3484 243 3534 crebere
255 3484 281 3531 F
284 3483 332 3533 ¹6:
350 3485 440 3533 crebre
455 3483 524 3534 codd.
591 3499 620 3546 15
639 3487 751 3546 quippe.
768 3519 773 3532 .
786 3522 792 3534 .
807 3485 936 3547 antiquius
946 3485 998 3533 secl.
1011 3485 1144 3533 Eberhard

135 3565 166 3610 17
184 3549 283 3598 maiore
294 3549 321 3597 in
333 3550 434 3599 honore
456 3549 513 3598 Sau
527 3557 558 3612 pr
666 3551 695 3597 18
711 3556 767 3598 arte
783 3551 836 3599 secl.
852 3551 918 3612 vulg.
988 3551 1141 3599 observatur

132 3615 253 3664 aarum
360 3629 392 3676 24
409 3614 487 3664 etiam
521 3615 605 3665 Oom.
619 3616 686 3679 vulg.
761 3623 787 3664 et
800 3617 849 3664 iam
863 3614 1042 3664 0¹a12ettam
1055 3615 1121 3679 vulg.

1043 3691 1074 3740 2·
