2588 4178
85 269 88 274 ,
132 194 177 267 96
193 207 242 277 3²⁸
466 201 511 258 M.
533 199 660 258 TVLLI
683 197 915 260 CICERONIS

194 366 293 445 qualia
307 366 366 428 sint
380 377 409 429 et
424 367 621 429 Hortensium
633 386 774 446 magnum
793 378 940 428 oratorem
958 357 1076 443 semper
1087 361 1191 442 putavi

193 464 381 543 maximeque
393 466 518 543 probavi
536 486 590 544 pro
612 468 753 526 Messalla
766 465 926 538 dicentem,
941 484 1011 524 cum
1030 475 1063 524 tu
1081 461 1189 524 aluisti.

194 562 243 623 sie
263 565 369 638 ferunt,
390 563 522 642 inquam,
545 564 637 641 idque
660 565 791 624 declarat
811 562 936 624 totidem
959 571 1033 639 quot
1053 559 1135 634 dixit,
1158 569 1192 619 ut

193 659 285 735 aiunt,
301 660 409 738 scripta
427 661 525 722 verbis
545 661 648 722 oratio.
692 663 771 738 Ergo
791 660 841 720 ille
858 680 877 720 a
892 661 1001 721 Crasso
1019 660 1142 719 consule
1161 667 1192 717 et

194 759 336 819 Scaevola
352 778 447 835 usque
463 761 502 819 ad
522 761 660 819 Paullum
681 768 711 819 et
730 759 907 818 Marcellum
928 758 1066 817 eonsules
1083 755 1190 830 floruit,
1207 781 1222 832 5

195 875 250 916 nos
264 855 295 915 in
309 857 417 916 eodem
432 876 519 916 cursu
533 856 643 916 fuimus
657 877 675 916 a
688 857 770 917 Sulla
783 855 928 916 dictatore
941 856 979 915 ad
994 856 1118 915 eosdem
1132 856 1194 915 fere

196 954 343 1013 consules
373 953 422 1013 Sic
440 955 477 1029 Q.
492 952 637 1021 Hortensi
650 973 707 1014 vox
721 953 866 1014 exstincta
879 955 946 1013 fato
955 972 1010 1012 suo
1024 963 1077 1024 est,
1093 962 1194 1012 nostra

135 1063 183 1117 3²9
196 1049 326 1129 publico
370 1050 488 1122 Melius,
504 1071 625 1129 quaeso,
641 1050 782 1124 ominare,
797 1050 895 1129 inquit
909 1053 1026 1110 Brutus.
1064 1049 1109 1111 Sit
1122 1070 1194 1111 sane

196 1160 229 1208 ut
249 1147 306 1229 vis,
320 1147 452 1225 inquam,
472 1158 502 1208 et
518 1148 550 1209 id
562 1156 631 1208 'non
652 1160 713 1208 tam
734 1168 803 1209 mea
822 1169 911 1209 causa
931 1169 1022 1226 quam
1043 1158 1112 1222 tua;
1140 1149 1194 1208 sed

113 1253 115 1256 ‘
197 1248 363 1306 fortunatus
384 1245 462 1306 illius
481 1245 584 1320 exitus,
605 1247 656 1324 qui
678 1268 714 1308 ea
733 1267 796 1307 non
814 1246 889 1308 vidit
907 1266 976 1307 eum
996 1247 1100 1307 fierent
1117 1261 1195 1323 quae
1213 1265 1243 1301 ro

118 1395 120 1401 ,
197 1343 326 1421 providit
347 1345 452 1403 futura
497 1344 591 1422 Saepe
612 1343 692 1404 enim
714 1344 790 1405 inter
810 1349 866 1406 n'os
886 1343 1088 1421 impendentis
1109 1363 1196 1410 casus

198 1439 381 1514 deflevimus,
397 1461 466 1500 cum
485 1441 556 1501 belli
573 1441 666 1502 civilis
685 1462 789 1502 causas
805 1441 837 1502 in
858 1441 1038 1520 privatorum
1053 1439 1198 1518 cupidita-

198 1537 277 1598 tibus
292 1538 428 1611 inclusas,
444 1538 525 1616 pacis
544 1559 628 1617 spem
645 1560 663 1599 a
681 1539 803 1618 publico
823 1538 949 1600 consilio
967 1558 1032 1599 esse
1046 1540 1197 1609 exclusam

197 1634 373 1695 videremus
417 1637 488 1696 Sed
497 1635 582 1696 illum
600 1636 717 1697 videtur
736 1636 860 1698 felicitas
883 1635 976 1715 ipsius
997 1655 1057 1714 qua
1080 1655 1198 1713 semper

198 1743 244 1793 est
264 1752 335 1792 usus
354 1733 394 1793 ab
412 1732 454 1794 eis
471 1732 596 1794 miseriis
614 1754 691 1811 quae
709 1745 888 1795 consecutae
905 1745 975 1794 sunt
995 1744 1090 1794 morte
1104 1731 1199 1793 vindi·
1213 1754 1243 1805 15

198 1830 318 1890 cavisse.

138 1941 187 1992 330
241 1930 306 1987 Nos
334 1938 443 2001 autem,
473 1931 572 2002 Brute,
602 1929 745 2006 quoniam
777 1941 846 2008 post
873 1928 1018 1991 Hortensi
1045 1927 1200 1989 clarissimi

200 2024 323 2084 oratoris
355 2037 481 2086 mortem
511 2028 602 2086 orbae
634 2027 822 2105 eloquentiae
852 2027 937 2106 quasi
967 2037 1079 2087 tutores
1106 2024 1201 2086 relicti

202 2126 313 2196 sumus,
337 2122 421 2184 domi
445 2134 599 2184 teneamus
623 2145 690 2185 eam
718 2135 851 2202 saeptam
873 2123 987 2186 liberali
1010 2122 1147 2205 custodia
1171 2132 1202 2182 et

204 2221 260 2280 hos
277 2218 394 2297 ignotos
413 2232 503 2298 atque
520 2220 703 2300 impudentis
722 2242 829 2300 procos
848 2221 1039 2300 repudiemus
1056 2232 1203 2282 tueamur·
1216 2241 1248 2276 ιο

202 2337 261 2394 que
289 2329 322 2377 ut
348 2320 481 2378 adultam
503 2319 646 2397 virginem
671 2331 752 2381 caste
776 2331 806 2381 et
832 2322 871 2381 ab
898 2328 1065 2380 amatorum
1088 2317 1202 2394 impetu

203 2426 349 2492 quantum
370 2435 529 2493 possumus
550 2417 782 2494 prohibeamus..
813 2416 964 2496 Equidem
981 2415 1037 2477 etsi
1050 2416 1140 2477 doleo
1155 2432 1204 2474 me

194 2511 235 2570 vin
256 2511 347 2571 vitam
371 2515 461 2590 paulo
483 2513 576 2574 serius
598 2522 750 2592 tamquam
771 2514 802 2574 in
825 2514 904 2574 viam
926 2513 1100 2594 ingressum,
1122 2511 1204 2590 prius

113 2606 115 2610 ’
204 2628 295 2686 quam
315 2611 484 2670 confectum
505 2610 560 2672 iter
579 2610 624 2683 sit,
639 2610 670 2671 in
687 2613 766 2672 hanc
787 2611 829 2674 rei
846 2611 985 2690 publicae
999 2620 1120 2672 noctem
1134 2608 1205 2669 in'ci-

202 2706 290 2779 disse,
306 2718 406 2768 tamen
421 2729 456 2768 ea
470 2708 675 2786 consolatione
689 2720 838 2771 sustentor
852 2727 943 2787 quam
957 2720 989 2769 tu
1004 2707 1086 2781 mihi,
1103 2710 1203 2779 Brute,
1220 2734 1249 2784 25

204 2803 367 2864 adhibuisti
392 2805 450 2865 tuis
474 2805 654 2866 suavissimis
677 2806 788 2881 litteris
811 2807 920 2885 quibus
943 2827 992 2867 me
1013 2804 1081 2865 forti
1102 2803 1206 2864 animo

205 2921 270 2962 esse
297 2912 433 2978 oportere
457 2904 610 2976 censebas,
636 2905 719 2981 quod
747 2925 783 2964 ea
805 2904 962 2981 gessissem
985 2901 1064 2981 quae
1089 2905 1128 2963 de
1156 2923 1206 2963 me

205 2997 294 3059 etiam
323 3018 372 3058 me
399 3009 517 3061 tacente
544 3000 608 3078 ipsa
631 3002 823 3078 loquerentur
849 3001 1041 3078 viverentque
1069 3010 1207 3073 mortuo;

205 3115 291 3172 quae,
314 3095 439 3157 sirecte
460 3110 546 3171 esset,
565 3100 659 3158 salute
680 3098 721 3160 rei
742 3098 888 3177 publicae,
907 3098 952 3159 sin
974 3118 1068 3171 secus,
1086 3096 1207 3157 interitu

205 3193 271 3272 ipso
285 3193 489 3254 testimonium
504 3216 639 3256 meorum
654 3198 693 3256 de
707 3217 738 3257 re
752 3196 872 3274 publica
886 3195 1077 3257 consiliorum
1092 3196 1205 3255 darent.
1222 3224 1253 3274 50

241 3354 298 3396 ret
310 3363 360 3396 om.
374 3347 460 3396 BHM
533 3349 685 3411 gidemque
702 3349 789 3397 BHM
885 3347 1094 3398 bominareffl:
1111 3349 1209 3397 omine

209 3411 317 3462 0⁹F612
333 3413 421 3462 omitte
436 3413 457 3462 C
555 3429 582 3462 11
602 3415 714 3477 providit
730 3413 770 3461 L:
787 3416 913 3477 praevidit
929 3413 1073 3482 Lambinus
1176 3430 1207 3462 21

156 3485 157 3488 ’
208 3484 348 3526 amatorum
358 3479 438 3542 vulga
456 3477 643 3528 armatorumL
710 3481 741 3527 28
759 3479 825 3544 [me]
835 3487 937 3528 tacente
947 3479 1042 3543 Stangl
1080 3479 1209 3528 viverent·

209 3558 260 3603 que
282 3551 383 3592 mortuo
406 3543 515 3607 Stangl:
539 3553 688 3607 mortuoque
708 3550 760 3605 (me
777 3544 834 3594 add.
850 3546 964 3606 Ernesti)
988 3547 1108 3593 viverent
1124 3546 1209 3608 vulg.:

211 3615 313 3656 mortuo
325 3608 491 3672 viverentque
503 3610 570 3673 vulg.
668 3625 701 3672 29
718 3610 800 3659 salute
813 3611 893 3674 vulga
911 3611 988 3659 saluti
997 3609 1028 3656 Ἰ.
