2588 4178
117 215 162 287 69
183 239 230 288 aa
455 214 498 273 M.
527 213 656 273 avum
685 213 918 275 crcaaonrs

180 381 347 456 habuerint,
362 402 425 442 non
443 380 485 442 ita
505 383 616 442 multos
637 381 736 442 fuisse.
780 383 840 444 Sed
860 384 900 444 ad
921 401 1088 443 sermonem
1107 380 1189 442 insti-

125 463 167 525 7⁰
180 493 278 542 tutum
301 492 489 541 revertamur.
533 481 568 540 T.
586 482 757 558 Torquatus
778 483 815 541 Τ.
842 484 875 542 F.
901 492 932 543 et
954 483 1061 542 doctus
1084 481 1128 541 vir
1151 501 1189 542 ex

118 553 165 605 ²⁴⁵
181 579 304 640 Rhodia
324 577 483 656 disciplina
500 578 635 640 Molonis
656 590 686 640 et
707 599 725 639 a
746 591 851 655 natura
871 583 911 641 ad
932 565 1096 641 dicendum
1116 579 1188 639 satis

181 681 295 739 solutus
314 688 404 755 atque
422 678 586 756 expeditus,
603 675 652 738 cui
673 676 698 738 si
715 677 775 738 vita
793 677 1188 757 suppeditavisset,'sublato

180 776 296 837 ambitu
314 776 420 836 consul
439 777 534 835 factus
555 786 640 849 esset,
656 778 724 853 plus
743 775 891 837 facultatis
908 775 1013 837 habuit
1029 776 1070 837 ad
1088 775 1217 847 dicen-5

181 879 255 939 dum
273 894 363 953 quam
383 873 553 934 voluntatis.
598 876 705 951 Itaque
727 874 827 935 studio
847 874 917 935 huic
936 895 998 937 non
1018 873 1187 945 satisfecit,

181 973 280 1036 officio
304 992 375 1033 vero
400 991 457 1032 nec
483 971 514 1031 in
545 992 666 1033 suorum
694 973 928 1055 necessariorum
954 973 1051 1034 causis
1075 993 1132 1034 nec
1157 972 1189 1031 in

120 1083 168 1148 246
182 1071 329 1134 sententia
350 1069 497 1130 senatoria
518 1070 621 1131 defuit.
665 1070 765 1130 Etiam
788 1073 831 1130 M.
853 1070 1011 1133 Pontidius
1033 1070 1190 1148 municeps

182 1183 283 1232 noster
304 1171 412 1228 multas
431 1168 558 1245 privatas
580 1188 684 1228 causas
703 1168 843 1242 actitavit,
860 1169 994 1232 celeriter
1009 1189 1082 1230 sane
1099 1170 1190 1230 verba
1260 1215 1262 1218 >

182 1271 305 1330 volvens
328 1287 384 1327 nec
406 1267 500 1327 hebes
523 1266 555 1325 in
579 1266 677 1328 causis
699 1270 747 1328 vel
769 1267 870 1328 dicam
893 1269 961 1347 plus
985 1267 1076 1328 etiam
1097 1287 1237 1354 quamuro

183 1388 245 1427 non
270 1366 373 1440 hebes,
397 1367 451 1426 sed
476 1367 671 1426 effervescens
699 1365 730 1425 in
744 1365 891 1427 dicendo
919 1368 1076 1427 stomacho
1100 1386 1190 1444 saepe

182 1464 396 1542 iracundiaque
415 1463 621 1524 vehementius
632 1485 640 1538 ς
668 1476 701 1523 ut
723 1484 786 1524 non
808 1483 877 1523 cum
898 1463 1067 1525 adversario
1091 1466 1190 1525 solum

184 1564 237 1624 sed
265 1557 363 1633 etiam,
394 1564 477 1638 quod
506 1561 640 1622 mirabile
668 1573 757 1636 esset,
782 1582 852 1622 cum
880 1561 980 1623 iudice
1003 1561 1078 1642 ipso,
1105 1562 1192 1638 cuius

184 1661 332 1724 delenitor
366 1680 430 1721 esse
465 1660 557 1720 debet
591 1671 697 1734 orator,
735 1659 830 1737 iurgio
866 1680 956 1739 saepe
983 1663 1188 1722 contenderet.

186 1763 229 1819 M.
248 1760 389 1819 Messalla
408 1756 505 1818 minor
524 1767 596 1817 natu
615 1777 706 1835 quam
725 1778 789 1830 nos,
809 1759 893 1819 nullo
912 1760 1005 1820 modo
1023 1759 1118 1838 inops,
1136 1761 1190 1821 sed
1205 1777 1235 1827 15

185 1878 247 1917 non
259 1856 348 1917 nimis
359 1867 480 1917 ornatus
490 1875 599 1934 genere
609 1857 782 1932 verborum3
799 1858 938 1935 prudens,
945 1869 1059 1931 acutus,
1066 1857 1191 1918 minime

185 1956 322 2017 incautus
341 1967 491 2034 patronus,
508 1955 540 2014 in
559 1954 655 2015 causis
674 1955 892 2033 cognoscendis
912 1954 1192 2035 componendisque

186 2055 323 2132 diligens,
337 2052 438 2131 magni
457 2053 576 2128 laboris,
590 2055 702 2114 multae
723 2075 831 2131 operae
852 2056 1074 2132 multarumque
1093 2075 1194 2116 causa-

124 2164 172 2221 247
186 2173 260 2213 rum.
291 2155 362 2213 Duo
376 2150 466 2212 etiam
482 2151 606 2224 Metelli,
618 2152 705 2214 Celer
718 2164 749 2214 et
759 2154 871 2230 Nepos,
888 2173 945 2212 non
960 2151 1035 2212 nihil
1048 2152 1080 2213 in
1094 2153 1192 2214 causis

186 2251 294 2312 versati
318 2271 374 2310 nec
402 2249 467 2310 sine
490 2249 611 2328 ingenio
635 2270 693 2312 nec
714 2249 837 2322 indocti,
861 2252 920 2311 hoc
943 2263 1026 2311 erant
1048 2254 1192 2330 populare
1207 2272 1239 2307 πο

187 2348 309 2410 dicendi
328 2368 422 2427 genus
443 2347 586 2409 adsecuti.
631 2349 686 2410 Cn.
706 2360 807 2408 autem
829 2350 974 2409 Lentulus
998 2350 1193 2411 Marcellinus

99 2469 100 2472 ¹
187 2466 244 2508 nec
267 2466 410 2524 umquam
429 2445 589 2507 indisertus
610 2457 640 2507 et
662 2445 694 2505 in
716 2447 873 2508 consulatu
894 2448 1092 2524 pereloquens
1112 2447 1194 2508 visus

189 2557 241 2619 est,
264 2566 327 2606 non
347 2536 449 2605 tardus
470 2544 632 2617 sententiis,
656 2565 718 2605 non
740 2543 828 2621 inops
851 2543 957 2618 verbis,
977 2565 1052 2606 voce
1074 2566 1192 2618 canora,

188 2646 302 2708 facetus
330 2641 408 2703 satis.
457 2643 490 2705 C.
516 2642 680 2703 Memmius
709 2644 742 2701 L.
771 2643 802 2701 F.
829 2644 977 2719 perfectus
1001 2642 1112 2716 litteris,
1139 2645 1194 2705 sed

190 2740 320 2816 Graecis,
338 2739 509 2802 fastidiosus
530 2760 602 2801 sane
622 2739 807 2814 Latinarum,
825 2752 946 2824 argutus
966 2752 1065 2802 orator
1085 2741 1194 2802 verbis
1207 2767 1238 2816 2⁵

190 2860 249 2918 que
274 2838 371 2900 dulcis
399 2839 453 2899 sed
480 2837 596 2917 fugiens
623 2858 685 2898 non
714 2840 807 2899 modo
829 2837 952 2898 dicendi
972 2859 1074 2899 verum
1103 2839 1194 2900 etiam

190 2937 342 3016 cogitandi
361 2937 503 3009 laborem,
521 2948 639 2997 tantum
660 2935 717 2997 sibi
736 2937 775 2997 de
797 2938 938 2997 facultate
956 2937 1082 2999 detraxit
1103 2957 1197 3015 quan-

192 3049 255 3097 tum
270 3034 421 3095 imminuit
433 3033 604 3096 industriae.

146 3117 179 3178 ⁷¹
234 3137 305 3196 Hoc
327 3137 396 3195 loco
421 3137 548 3195 Brutus:
570 3135 678 3209 'Quam
700 3136 815 3207 vellem,
842 3133 947 3212 inquit,
971 3137 1010 3196 de
1035 3134 1092 3194 his·
1105 3133 1196 3194 etiam

131 3195 178 3258 ²⁴⁸
192 3233 358 3295 oratoribus
387 3232 439 3310 qui
466 3232 558 3295 hodie
586 3244 656 3293 sunt
683 3232 738 3294 tibi
765 3233 864 3295 dicere
892 3233 996 3294 liberet
1007 3256 1015 3308 ;
1042 3244 1083 3308 et,
1107 3231 1132 3292 si
1157 3234 1196 3293 de
1209 3260 1242 3310 ³0

192 3331 256 3392 aliis
275 3331 381 3405 minus,
397 3333 436 3393 de
451 3333 570 3393 duobus
584 3343 685 3392 tamen
699 3351 775 3409 quos
794 3344 856 3393 ate
875 3332 938 3394 scio
957 3330 1070 3392 laudari
1090 3333 1195 3404 solere,

230 3504 242 3537 1
261 3489 298 3537 ita
311 3488 346 3536 C:
364 3497 416 3537 tam
431 3487 479 3538 OG
578 3503 592 3548 4
612 3487 651 3536 cui
664 3484 704 3535 L:
720 3488 764 3548 qul
776 3487 874 3541 Konser
958 3504 987 3550 13
1004 3487 1144 3537 mirabilius
1156 3495 1197 3536 est

197 3555 289 3602 maluit
299 3553 383 3617 Meyer
468 3547 474 3558 ’
489 3555 519 3602 16
536 3553 610 3602 nimis
623 3553 660 3602 C:
677 3554 761 3602 minus
775 3552 823 3602 OG
934 3568 965 3616 19
983 3555 1098 3603 nonnihil
1109 3554 1176 3618 vulg.
1189 3570 1195 3602 ι

196 3621 294 3670 nihilL
393 3634 423 3668 ar
442 3619 490 3669 Cn.
502 3617 650 3670 Manutius:
669 3618 697 3669 C.
712 3619 734 3668 L
