2588 4178
154 213 192 273 19
206 217 238 275 73
473 198 516 258 M.
546 198 674 258 TVLLI
703 197 936 260 CICERONIS

202 367 294 427 fidem
305 365 386 427 enim
396 364 564 427 faciendam
575 365 734 427 auctoritas
745 364 912 444 quaeritur;
932 367 986 427 sed
996 364 1205 428 auctoritatem

201 475 253 525 aut
267 476 372 525 natura
385 476 437 524 aut
451 475 569 550 tempus
583 464 686 525 adfert.
730 465 862 526 Naturae
876 462 1035 525 auctoritas
1049 462 1081 544 in
1096 462 1207 549 virtute

201 561 278 624 inest
293 561 440 637 maxima;
466 561 497 622 in
512 573 647 640 tempore
660 572 761 623 autem
776 564 870 623 multa
883 572 953 623 sunt
971 580 1049 640 quae
1066 562 1207 622 adferant

200 659 425 722 auctoritatem:
453 658 606 738 ingenium
628 679 701 738 opes
721 671 803 720 aetas
828 656 971 742 [fortuna]
992 679 1039 720 ars
1060 679 1133 720 usus
1154 679 1207 720 ne

201 753 330 831 cessitas,
347 757 504 819 concursio
518 757 607 818 etiam
622 777 684 818 non
701 777 870 836 numquam
886 775 985 819 rerum
1003 755 1232 824 fortuitarum.5

201 858 281 917 Nam
302 865 332 917 et
350 854 521 933 ingeniosos
538 868 568 916 et
586 857 746 934 opulentos
767 866 797 917 et
816 854 922 916 aetatis
943 855 1039 934 spatio
1059 855 1205 934 probatos

199 950 306 1030 dignos
321 951 430 1031 quibus
444 952 582 1025 credatur
595 960 720 1028 putant;
739 970 802 1011 non
816 962 896 1012 recte
909 952 1042 1024 sortasse,
1053 952 1109 1012 sed
1123 951 1205 1029 vulgi

200 1049 303 1128 opinio
323 1049 429 1110 mutari
447 1049 496 1109 vix
514 1060 613 1127 potest
631 1050 670 1110 ad
690 1068 817 1126 eamque
834 1047 936 1110 omnia
952 1048 1084 1127 dirigunt
1102 1059 1132 1110 et
1152 1048 1204 1126 qui

199 1146 333 1209 iudicant
351 1160 381 1210 et
400 1147 452 1225 qui
471 1146 648 1208 existimant.
692 1146 753 1222 Qui
770 1145 850 1208 enim
871 1147 960 1209 rebus
979 1147 1026 1208 his
1046 1167 1122 1226 quas
1142 1146 1203 1209 dixi

199 1248 355 1320 excellunt,
371 1245 436 1324 ipsa
449 1244 557 1306 virtute
570 1244 709 1306 videntur
722 1247 873 1306 excellere.
1216 1264 1246 1300 ro

154 1363 185 1418 74
239 1345 299 1404 Sed
316 1342 436 1421 reliquis
453 1362 575 1420 quoque
595 1343 685 1403 rebus
705 1361 780 1420 quas
798 1345 891 1404 modo
911 1342 1084 1404 enumeravi
1098 1350 1213 1423 quam

198 1459 289 1517 quam
316 1440 348 1501 in
376 1440 422 1500 his
450 1441 533 1501 nulla
560 1439 674 1517 species
699 1439 813 1508 virtutis
841 1451 893 1513 est,
919 1452 1020 1501 tamen
1045 1439 1199 1512 interdum

197 1540 390 1600 confirmatur
411 1539 495 1611 fides,
518 1537 542 1598 si
563 1549 615 1598 aut
635 1558 681 1599 ars
703 1539 851 1616 quaedam
872 1538 1202 1618 adhibetur-magna

197 1649 243 1697 est
253 1635 333 1698 enim
345 1635 389 1696 vis
399 1637 439 1696 ad
453 1637 695 1713 persuadendum
710 1623 952 1698 scientiae-'aut
966 1656 1057 1712 usus;
1074 1638 1202 1716 plerum-

143 1747 184 1792 ao
198 1755 258 1814 que
289 1735 369 1796 enim
400 1733 530 1794 creditur
562 1733 604 1794 eis
639 1733 691 1812 qui
724 1734 835 1813 experti
865 1747 942 1796 sunt.
994 1735 1080 1796 Facit
1109 1735 1201 1797 etiam
1217 1756 1245 1807 ¹5

112 1863 114 1865 ·
197 1832 358 1893 necessitas
383 1834 483 1906 fidem,
510 1852 587 1911 quae
611 1843 676 1892 tum
699 1852 720 1892 a
741 1832 916 1911 corporibus
940 1844 1005 1894 tum
1028 1834 1068 1894 ab
1092 1833 1202 1895 animis

197 1929 335 1991 nascitur.
379 1931 459 1989 Nam
483 1942 513 1990 et
534 1928 706 1991 verberibus
730 1930 885 1992 tormentis
905 1930 967 2008 igni
987 1930 1101 2008 fatigati
1123 1952 1202 2010 quae

196 2027 301 2089 dicunt
315 2046 351 2088 ea
364 2026 481 2088 videtur
495 2026 601 2088 veritas
621 2026 685 2105 ipsa
704 2026 810 2101 dicere,
827 2039 858 2088 et
877 2047 954 2107 quae
972 2028 1203 2107 perturbationi·

196 2126 253 2186 bus
277 2125 380 2201 animi,
401 2126 504 2186 dolore
525 2124 689 2203 cupiditate
712 2124 980 2200 iracundiametu,
1004 2125 1075 2205 quia
1098 2146 1201 2188 neces·

150 2243 180 2296 75
196 2221 289 2285 sitatis
305 2222 366 2284 vim
385 2223 506 2295 habent,
526 2224 665 2283 adferunt
684 2222 891 2284 auctoritatem
911 2236 941 2286 et
959 2225 1060 2286 fidem.
1103 2224 1200 2288 Cuius
1216 2243 1247 2278 πο

195 2320 310 2400 generis
335 2321 434 2402 etiam¹
450 2320 500 2381 illa
524 2331 593 2381 sunt
614 2341 651 2381 ex
675 2320 784 2399 quibus
808 2342 912 2384 verum
940 2341 1003 2384 non
1030 2343 1199 2401 numquam

195 2419 351 2493 invenitur,
374 2418 500 2497 pueritia
523 2438 648 2479 somnus
669 2419 870 2498 imprudentia
889 2418 1052 2482 vinolentia
1073 2421 1199 2482 insania.

195 2519 275 2578 Nam
291 2528 320 2578 et
334 2516 416 2595 parvi
435 2536 525 2595 saepe
545 2515 752 2578 indicaverunt
770 2517 892 2596 aliquid,
908 2538 970 2596 quo
988 2517 1020 2579 id
1039 2517 1201 2597 pertineret

195 2615 295 2694 ignari,
309 2628 339 2676 et
352 2634 405 2693 per
415 2634 556 2675 somnum
567 2614 671 2675 vinum
681 2614 828 2676 insaniam
843 2618 937 2677 multa
947 2636 1037 2694 saepe
1050 2605 1201 2695 patefacta

195 2725 271 2775 sunt.
316 2712 407 2774 Multi
428 2708 517 2775 etiam
537 2712 569 2799 in
589 2733 636 2773 res
657 2713 777 2774 odiosas
798 2693 1003 2792 imprudenter
1018 2713 1199 2789 inciderunt,
1216 2733 1244 2782 ²5

195 2823 227 2871 ut
252 2811 373 2872 Staieno
401 2831 497 2889 nuper
520 2810 638 2884 accidit,
665 2810 717 2889 qui
741 2831 777 2871 ea
801 2814 919 2872 locutus
943 2823 989 2873 est
1016 2811 1104 2872 bonis
1129 2812 1200 2874 viris

194 2909 488 2970 subauscultantibus
513 2908 625 2987 pariete
649 2908 832 2986 interposito,
856 2909 966 2987 quibus
990 2909 1146 2988 patefactis
1167 2909 1200 2971 in

194 3006 399 3084 iudiciumque
426 3007 549 3085 prolatis
573 3006 623 3067 ille
647 3006 689 3067 rei
713 3006 848 3085 capitalis
872 3006 935 3068 iure
959 3009 1120 3069 damnatus
1144 3019 1200 3070 est.

195 3101 292 3185 [Huic
313 3103 409 3164 simile
428 3104 573 3182 quiddam
592 3105 632 3165 de
653 3105 896 3166 Lacedaemonio
917 3103 1066 3165 Pausania
1085 3106 1202 3185 accepi·

149 3211 180 3278 7⁶
195 3198 285 3282 mus]
321 3201 487 3263 Concursio
502 3214 602 3262 autem
616 3200 805 3262 fortuitorum
820 3201 885 3262 talis
900 3212 953 3276 est,
969 3213 1002 3263 ut
1016 3201 1040 3263 si
1054 3202 1245 3269 interven-³0

194 3311 259 3359 tum
280 3309 325 3359 est
340 3318 418 3372 casu,
435 3309 571 3359 cum‘aut
591 3311 726 3377 ageretur
745 3298 859 3378 aliquid
882 3301 965 3379 quod
986 3301 1200 3378 proferendum

194 3416 256 3457 non
278 3407 363 3470 esset,
384 3408 435 3457 aut
456 3396 611 3457 diceretur.
656 3399 693 3457 In
715 3399 774 3458 hoc
794 3415 902 3475 genere
921 3397 1012 3458 etiam
1032 3397 1083 3459 illa
1100 3410 1147 3460 est
1168 3399 1200 3460 in

226 3550 327 3612 ginest
346 3551 433 3601 coda:
451 3558 491 3600 est
511 3551 551 3613 Os
643 3552 779 3613 aiortuna
797 3551 993 3601 aec1.Fn'edrich
1103 3568 1136 3601 aa
1154 3554 1201 3603 inr-

193 3618 334 3678 prudentes
346 3619 371 3666 A
466 3633 498 3680 29
517 3618 602 3666 Huic.
619 3652 625 3665 .
637 3655 644 3669 .
659 3618 869 3681 accepimussed.
881 3617 1004 3667 Fn'rdn'clr
