2588 4178
157 235 237 300 1241
443 224 487 283 M.
509 225 638 283 TVLLI
661 222 896 286 CICERONIS

207 390 368 466 contrariis,
388 411 478 470 saepe
502 391 592 452 etiam
621 413 657 452 ex
682 390 885 466 dissimilibus,
905 411 995 470 saepe
1019 412 1056 452 ex
1074 391 1205 470 paribus.

208 490 308 564 Quam
319 490 433 550 obrem
445 488 660 566 descriptiones
671 509 793 567 quoque
804 489 913 549 suntin
925 491 984 550 hoc
996 509 1106 568 genere
1117 509 1208 566 saepe

206 597 294 664 aptae
305 597 335 647 et
348 585 533 647 enumeratio
548 586 806 663 consequentium,
816 586 847 647 in
858 587 1022 666 primisque
1036 598 1208 649 commovet

206 684 363 763 explicatio
377 683 516 744 vocabuli
529 703 565 745 ac
579 683 717 744 nominis.

159 797 191 848 42
248 782 282 843 C.
298 783 374 842 Sunt
388 781 522 859 exposita
538 781 598 841 iam
618 782 679 842 fere
698 801 733 842 ea
751 802 828 860 quae
848 784 888 844 de
907 784 989 843 facto
1009 802 1150 861 quaeque
1169 784 1235 848 des

205 878 275 939 iacti
296 878 500 956 appellatione
526 889 715 956 quaeruntur.
768 880 888 958 Nempe
916 880 1005 958 igitur
1032 900 1068 941 ea
1096 889 1208 941 restant

205 996 291 1055 quae,
307 996 377 1037 cum
392 988 422 1036 et
442 978 555 1036 factum
576 987 693 1037 constat
707 987 737 1037 et
755 997 876 1052 nomen,
893 977 993 1056 qualia
1012 977 1071 1039 sint
1085 989 1210 1039 vocatur

205 1072 407 1134 indubium?
450 1077 481 1133 P.
498 1076 553 1133 Est
573 1073 614 1132 ita
631 1085 664 1134 ut
684 1073 768 1134 dicis.
812 1076 848 1136 C.
865 1077 953 1151 Quae
974 1087 1044 1136 sunt
1065 1074 1155 1152 igitur
1175 1075 1207 1135 in

206 1193 243 1234 eo
256 1192 364 1250 genere
379 1174 499 1249 partes?
542 1174 574 1231 P.
590 1174 652 1231 Aut
666 1170 729 1231 iure
748 1173 860 1250 factum
875 1173 1046 1249 depellendi
1065 1184 1118 1233 aut
1137 1172 1210 1234 ulci-

206 1269 310 1330 scendi
323 1269 435 1330 doloris
448 1268 542 1347 gratia
555 1280 607 1328 aut
620 1267 737 1346 pietatis
752 1281 804 1329 aut
817 1268 980 1346 pudicitiae
994 1281 1045 1331 aut
1056 1270 1208 1348 religionis
1227 1284 1252 1320 ¹0

205 1379 257 1427 aut
278 1366 391 1444 patriae
414 1365 537 1426 nomine
561 1377 613 1426 aut
634 1365 765 1443 denique
785 1366 963 1427 necessitate
985 1366 1101 1428 inscitia
1126 1388 1207 1429 casu.

159 1478 192 1528 ⁴3
205 1466 286 1524 Nam
300 1485 378 1543 quae
399 1474 483 1524 motu
503 1462 597 1523 animi
618 1475 648 1524 et
667 1463 891 1542 perturbatione
910 1466 989 1526 iacta
1007 1464 1072 1526 sine
1091 1464 1208 1527 ratione

205 1574 283 1635 sunt,
306 1582 341 1623 ea
366 1560 556 1623 defensiones
579 1571 683 1622 contra
705 1561 817 1622 crimen
843 1561 981 1640 legitimis
1003 1562 1121 1625 iudiciis
1144 1583 1208 1623 non

205 1660 325 1732 habent,
342 1659 373 1719 in
386 1659 486 1719 liberis
501 1658 768 1736 disceptationibus
787 1660 897 1721 babere
911 1671 1046 1738 possunt.
1090 1663 1163 1721 Hoc
1178 1659 1210 1719 in

205 1777 321 1835 genere,
349 1757 380 1816 in
403 1777 465 1835 quo
488 1759 576 1835 quale
603 1757 641 1817 sit
663 1756 821 1835 quaeritur,
846 1778 883 1818 ex
910 1757 1119 1831 controversia,
1143 1757 1209 1819 iure
1226 1768 1250 1818 ¹⁵

206 1875 302 1916 necne
318 1866 418 1916 actum
440 1854 478 1915 sit
492 1855 598 1932 'quaeri
620 1858 714 1932 solet;
739 1877 868 1935 quorum
889 1855 1052 1935 disputatio
1073 1876 1110 1917 ex
1128 1857 1209 1916 loco

158 1974 192 2024 ⁴4
206 1974 272 2013 rum
287 1952 487 2032 descriptione
502 1956 651 2014 sumenda
669 1967 722 2015 est.
765 1957 800 2017 C.
817 1955 923 2032 Agesis
939 1950 1045 2036 [ergo],
1062 1953 1208 2032 quoniam

205 2051 236 2111 in
264 2051 522 2112 confirmationem
545 2062 581 2112 ct
608 2052 869 2130 reprehensionem
895 2052 1036 2116 diviseras
1064 2050 1208 2113 orationis

204 2150 296 2210 fidem
316 2161 346 2209 et
365 2148 479 2210 dictum
499 2149 538 2210 de
558 2151 651 2210 altero
672 2160 726 2224 est,
748 2169 865 2227 expone
886 2170 970 2211 nunc
988 2151 1028 2210 de
1048 2150 1208 2228 reprehen-

202 2248 315 2308 dendo.
358 2249 390 2306 P.
407 2249 470 2307 Aut
491 2257 588 2306 toturn
609 2258 654 2306 est
670 2248 842 2325 negandum
864 2249 947 2325 quod
968 2246 999 2306 in
1016 2258 1207 2325 argumenta·
1222 2262 1251 2299 20

202 2344 284 2404 tione
302 2343 487 2404 adversarius
505 2343 671 2422 sumpserit,
687 2343 712 2404 si
732 2346 835 2405 fictum
856 2356 908 2406 aut
928 2347 1035 2405 salsum
1055 2364 1121 2405 esse
1139 2365 1207 2422 pos-

202 2441 242 2501 sis
266 2444 384 2515 docere,
413 2453 465 2502 aut
492 2444 698 2520 redarguenda
725 2462 761 2502 ea
785 2462 862 2520 quae
890 2462 945 2520 pro
972 2441 1033 2502 veri
1057 2441 1205 2502 similibus

202 2551 322 2617 sumpta
336 2551 423 2600 sunt:
444 2537 573 2617 primum
589 2539 682 2600 dubia
692 2550 812 2618 sumpta
822 2559 888 2601 esse
901 2560 956 2618 pro
967 2539 1072 2614 certis3
1093 2538 1206 2601 deiude

202 2637 292 2697 etiam
306 2636 343 2696 in·
352 2637 509 2715 perspicue
522 2635 603 2697 falsis
617 2631 724 2698 eadem
738 2657 827 2715 posse
841 2636 921 2712 dici3
942 2649 1006 2699 tum
1021 2657 1058 2698 ex
1070 2635 1114 2698 eis
1124 2656 1204 2715 quae

202 2735 361 2813 sumpserit
382 2755 444 2795 non
465 2734 542 2795 effici
561 2736 644 2812 quod
662 2735 740 2795 velit.
784 2735 931 2796 Accidere
947 2746 1048 2796 autem
1067 2745 1205 2812 oportet:
1221 2746 1248 2796 2⁵

202 2844 235 2894 ut
256 2833 380 2911 singula,
397 2833 439 2893 sic
461 2831 597 2892 universa
617 2833 796 2909 frangentur.
840 2834 1116 2895 Commemoranda
1136 2844 1207 2894 sunt

202 2930 291 2992 etiam
312 2933 448 3008 exempla
466 2929 576 3007 quibus
593 2928 625 2989 in
643 2928 732 2990 simili
752 2929 955 3007 disputatione
975 2928 1122 2990 creditum
1143 2949 1206 2990 non

202 3041 247 3090 est
257 3052 265 3104 ;
293 3031 506 3108 conquerenda
527 3025 667 3092 cdndicio
688 3027 858 3089 communis
879 3027 1012 3105 periculi,
1034 3027 1059 3089 si
1080 3027 1207 3108 ingeniis
1267 3027 1268 3030 ’

155 3180 189 3238 13
203 3127 361 3188 hominum
375 3126 604 3188 criminosorum
619 3125 657 3187 'sit
671 3125 805 3204 exposita
818 3125 879 3187 vita
892 3125 1110 3187 innocentium.

155 3271 188 3322 45
243 3226 278 3286 C.
300 3224 453 3301 Quoniam
473 3226 554 3285 unde
573 3223 861 3301 inveniunturquae
880 3226 919 3285 ad
941 3225 1033 3286 fidem
1054 3223 1205 3303 pertinent
1220 3251 1250 3302 30

236 3387 295 3444 pet
312 3380 406 3429 sactum
423 3379 509 3444 vulga:
526 3395 561 3429 ex
579 3379 683 3430 sactoP
805 3379 911 3429 nomine
927 3378 954 3427 P
1058 3394 1087 3427 11
1105 3379 1220 3431 inscitia

201 3445 236 3496 P:
253 3446 388 3495 inscientia
401 3444 560 3494 Lambinus:
578 3445 676 3495 iustitia
688 3444 756 3494 codd.
764 3445 821 3498 dett.
914 3459 944 3507 15
962 3444 1046 3508 qualis
1057 3445 1083 3494 P
1176 3447 1208 3493 16

202 3527 285 3561 necne
297 3511 421 3560 Stroebel:
438 3517 465 3560 et
477 3517 547 3560 recte
558 3509 596 3559 P:
610 3519 636 3561 et
648 3517 763 3560 rectene
775 3509 843 3561 codd.
856 3509 912 3560 deu.
999 3525 1028 3573 η
1046 3525 1110 3573 ergo
1120 3525 1172 3561 ont.
1182 3510 1211 3559 P

202 3590 234 3639 25
257 3576 374 3626 accidere
392 3577 481 3641 vulga:
500 3577 625 3625 accedere
644 3577 712 3627 codd.
734 3574 809 3627 dett:
834 3577 948 3626 incidere
966 3575 1061 3626 lamro
1174 3577 1209 3626 2⁶

203 3650 232 3693 ut
242 3641 282 3693 P:
299 3644 380 3707 dep:
395 3643 429 3693 ad
440 3642 507 3692 codd.
520 3640 576 3692 dett.
