2588 4178
71 241 73 245 ,
112 208 179 275 72⁶
418 203 461 263 M.
491 205 620 264 rvrrr
650 205 882 267 crcaaours

145 367 176 427 in
198 388 259 447 quo
281 368 491 448 imprimuntur
514 371 596 450 ipsae
619 383 716 445 notae,
743 371 785 432 sic
808 371 957 434 confectio
985 371 1150 455 memoriae

145 477 299 544 tamquam
326 464 394 529 cera
415 467 489 528 locis
513 468 605 530 utitur
628 469 711 531 etin
739 469 786 530 his
814 468 957 548 imagines
981 481 1015 530 ut
1036 470 1149 531 litteras

102 566 290 748 8conclocat

187 662 420 739 C.Quoniam
412 663 500 742 rgitur
517 664 561 725 vis
582 665 706 726 oratoris
727 664 825 725 omnis
847 665 981 744 exposita
1001 676 1054 739 est,
1071 665 1147 776 quid

102 708 238 822 27habes
266 763 304 822 de
326 761 468 822 orationis
495 763 660 842 praeceptis
685 762 806 824 dicere?
847 767 880 824 Ρ
904 765 1055 840 Quattuor
1082 763 1176 834 eiuss

144 858 236 936 partis
257 877 330 933 esse,
355 879 480 937 quarum
505 860 601 939 prima
623 873 652 922 et
674 872 825 939 postrema
848 864 887 923 ad
912 872 1028 922 motum
1052 860 1147 922 animi

144 957 288 1018 valet-is
309 957 390 1018 enim
412 970 457 1019 est
477 958 567 1020 initiis
589 972 619 1020 et
642 959 879 1037 perorationibus
906 959 1148 1020 concitandus-

144 1057 277 1116 secunda
297 1055 425 1116 narratio
446 1068 475 1117 et
495 1056 580 1118 tertia
600 1057 787 1119 confirmatio
808 1058 900 1117 fidem
918 1057 989 1117 facit
1008 1057 1145 1121 orationi.

144 1154 204 1213 Sed
225 1153 417 1231 amplificatio
438 1174 620 1233 quamquam
642 1157 733 1216 habet
753 1155 906 1233 proprium
927 1159 1037 1229 locum,
1055 1176 1147 1234 saepe

143 1249 233 1310 etiam
248 1251 386 1328 primurn,
402 1265 586 1330 postremum
605 1253 728 1331 quidem
745 1256 806 1316 fere
825 1273 950 1331 semper,
966 1264 1068 1314 tamen
1082 1253 1148 1314 reli·
1164 1277 1193 1313 10

144 1367 205 1425 quo
216 1348 247 1408 in
259 1369 346 1409 cursu
361 1349 502 1410 orationis
512 1351 685 1412 adhibenda
696 1363 740 1411 est
752 1350 940 1429 maximeque
951 1372 1020 1412 cum
1031 1350 1147 1429 aliquid

143 1458 195 1507 aut
218 1449 427 1508 confirmatum
450 1461 495 1510 est
518 1460 569 1509 aut
593 1451 814 1527 reprehensum.
859 1451 966 1527 Itaque
990 1451 1030 1510 ad
1053 1451 1147 1510 fidem

143 1565 265 1623 quoque
283 1543 356 1628 [vel]
374 1547 535 1625 plurimum
557 1550 634 1607 valet
644 1570 653 1622 3
676 1559 722 1608 est
742 1547 823 1607 enim
844 1547 1037 1625 amplificatio
1058 1551 1149 1610 vehe-

144 1663 229 1704 mens
257 1647 405 1722 quaedam
427 1644 644 1723 argumentatio
654 1667 663 1720 3
684 1656 724 1704 ‘ut
746 1645 796 1704 illa
824 1645 954 1705 docendi
979 1666 1077 1720 causa,
1102 1647 1146 1708 sic

99 1750 130 1798 28
144 1743 223 1802 haec.
240 1744 459 1804 commovendi.
503 1745 537 1806 C.
562 1747 654 1822 Perge
672 1742 760 1821 igitur
782 1743 888 1804 ordine
908 1755 1048 1821 quattuor
1070 1738 1146 1805 mihi
1167 1764 1194 1814 1⁵

144 1838 214 1900 istas
238 1841 328 1918 partis
350 1841 503 1920 explicare.
548 1844 579 1901 P.
597 1840 717 1901 Faciam
742 1852 812 1901 eta
834 1840 986 1918 principiis
1013 1841 1145 1920 primum

144 1937 249 2012 ordiar,
266 1958 343 2015 quae
357 1939 486 2016 quidem·
498 1941 649 2000 ducuntur
667 1949 719 1999 aut
733 1958 769 1998 ex
787 1937 922 2015 personis
936 1950 988 1999 aut
1006 1959 1042 1999 ex
1056 1941 1147 2002 rebus

143 2034 223 2112 ipsis.
266 2037 431 2097 Sumuntur
450 2049 551 2098 autem
570 2035 658 2097 trium
679 2055 777 2095 rerum
795 2034 906 2113 gratia:
933 2047 966 2096 ut
987 2037 1091 2112 amice,
1115 2051 1149 2099 ut

143 2133 358 2212 intellegenter,
375 2146 408 2194 ut
428 2146 540 2196 attente
561 2135 725 2197 audiamur.
769 2136 906 2210 Quorum
925 2133 1038 2212 primus
1062 2138 1148 2197 locus

145 2243 189 2290 est
203 2230 234 2290 in
249 2231 382 2308 personis
400 2232 507 2293 nostris
524 2232 758 2310 disceptatorum
778 2231 1031 2307 adversariorum,
1052 2253 1069 2293 e
1082 2233 1149 2310 qui·
1165 2250 1195 2286 ao

144 2327 200 2387 bus
211 2327 295 2388 initia
303 2329 529 2390 benevolentiae
540 2330 745 2390 conciliandae
755 2341 965 2408 comparantur
973 2341 1024 2390 aut
1035 2330 1149 2392 meritis

142 2425 252 2486 nostris
274 2437 325 2487 aut
346 2427 489 2505 dignitate
505 2439 561 2488 aut
581 2428 682 2506 aliquo
703 2449 811 2507 genere
832 2428 946 2488 virtutis
968 2440 997 2489 et
1019 2428 1149 2489 maxime

144 2523 327 2585 liberalitatis
349 2525 428 2585 offici
450 2524 578 2586 iustitiae
599 2525 688 2601 fidei;
708 2525 922 2604 contrariisque
939 2527 1028 2586 rebus
1047 2525 1079 2586 in
1098 2529 1151 2587 ad-

145 2621 288 2682 versarios
302 2623 490 2684 conserendis
505 2635 534 2684 et
549 2644 618 2684 curn
637 2623 749 2701 eisqui
768 2623 936 2701 disceptant
957 2623 1057 2701 aliqua
1078 2644 1153 2706 con·-

145 2720 306 2780 iunctionis
330 2732 382 2781 aut
406 2741 496 2781 causa
519 2733 571 2781 aut
599 2741 651 2800 spe
676 2721 890 2799 significanda3
921 2733 950 2782 et
978 2721 1003 2781 si
1030 2721 1062 2781 in
1091 2742 1148 2784 nos
1165 2743 1194 2794 ²5

144 2817 267 2894 aliquod
278 2818 383 2879 odium
395 2818 557 2879 offensiove
568 2821 686 2879 conlata
697 2818 742 2893 sit,
756 2817 791 2879 ea
802 2820 935 2879 tollenda
946 2818 1150 2880 minuendave

144 2927 196 2975 aut
215 2916 360 2978 diluendo
379 2928 431 2977 aut
452 2919 641 2978 extenuando
662 2928 713 2977 aut
730 2919 957 2994 compensando
975 2927 1027 2976 aut
1044 2918 1150 2994 depre-

100 3031 131 3082 29
144 3016 251 3074 cando.
296 3017 506 3093 Intellegenter
526 3027 625 3082 autem
648 3008 681 3075 ut
702 3015 860 3075 audiamur
880 3026 910 3074 et
931 3014 1002 3074 item
1024 3025 1158 3088 attente,

144 3111 183 3171 ab
198 3111 269 3189 ipsis
289 3112 377 3172 rebus
396 3111 575 3173 ordiendum
590 3124 642 3172 est.
686 3114 746 3173 Sed
765 3111 906 3173 facillime
927 3111 1015 3172 discit
1030 3112 1149 3173 auditor

90 3239 91 3242 ¹
145 3220 175 3268 et
196 3208 269 3286 quid
288 3220 391 3286 agatur
412 3209 562 3288 intellegit,
579 3210 603 3270 si
623 3213 822 3288 complectare
840 3210 871 3270 in
888 3210 1035 3288 principio
1053 3231 1149 3288 genus
1165 3227 1197 3276 30

146 3317 342 3383 naturamque
365 3327 480 3381 causae,
507 3307 531 3367 si
553 3307 687 3381 definias
712 3307 737 3367 si
762 3307 886 3381 dividas
912 3306 936 3368 si
959 3327 1057 3385 neque
1082 3329 1150 3386 pru-

147 3403 279 3464 dentiam
301 3403 364 3464 eius
386 3404 531 3483 impedias
552 3404 728 3466 confusione
749 3405 877 3483 partium
899 3426 955 3466 nec
972 3405 1148 3466 memoriam

75 3551 77 3554 ’
179 3552 238 3599 oet
250 3567 300 3602 om.
312 3551 378 3602 codd.
388 3553 457 3615 plur.
565 3567 595 3614 13
613 3552 653 3600 vel
664 3552 753 3601 om.P
855 3552 1020 3603 aoeom.P
1117 3556 1150 3603 26

146 3615 309 3665 collocataP
