<?xml version="1.0" encoding="UTF-8"?>
<!DOCTYPE html PUBLIC "-//W3C//DTD XHTML 1.0 Transitional//EN"
    "http://www.w3.org/TR/xhtml1/DTD/xhtml1-transitional.dtd">
<html xmlns="http://www.w3.org/1999/xhtml" xml:lang="en" lang="en">
 <head>
  <title>
</title>
<meta http-equiv="Content-Type" content="text/html;charset=utf-8" />
  <meta name='ocr-system' content='tesseract 3.04.00' />
  <meta name='ocr-capabilities' content='ocr_page ocr_carea ocr_par ocr_line ocrx_word'/>
</head>
<body>
  <div class='ocr_page' id='page_1' title='image "./mtvlliciceronis00wilkgoog_0264.png"; bbox 0 0 2588 4178; ppageno 0'>
   <div class='ocr_carea' id='block_1_1' title="bbox 146 205 919 278">
    <p class='ocr_par' dir='ltr' id='par_1_1' title="bbox 146 205 919 278">
     <span class='ocr_line' id='line_1_1' title="bbox 146 205 919 278; baseline 0.006 -16"><span class='ocrx_word' id='word_1_1' title='bbox 146 219 227 278; x_wconf 82' lang='lat'><strong>1045</strong></span> <span class='ocrx_word' id='word_1_2' title='bbox 454 206 497 263; x_wconf 89' lang='lat' dir='ltr'>M.</span> <span class='ocrx_word' id='word_1_3' title='bbox 527 205 655 265; x_wconf 89' lang='lat' dir='ltr'>TVLLI</span> <span class='ocrx_word' id='word_1_4' title='bbox 685 205 919 268; x_wconf 84' lang='lat' dir='ltr'>CICERONIS</span> 
     </span>
    </p>
   </div>
   <div class='ocr_carea' id='block_1_2' title="bbox 97 368 1243 3467">
    <p class='ocr_par' dir='ltr' id='par_1_2' title="bbox 195 368 1193 547">
     <span class='ocr_line' id='line_1_2' title="bbox 195 368 1193 455; baseline 0.001 -25"><span class='ocrx_word' id='word_1_5' title='bbox 195 382 295 432; x_wconf 91' lang='lat' dir='ltr'>tamen</span> <span class='ocrx_word' id='word_1_6' title='bbox 310 393 345 432; x_wconf 89' lang='lat' dir='ltr'>ex</span> <span class='ocrx_word' id='word_1_7' title='bbox 359 372 441 446; x_wconf 89' lang='lat' dir='ltr'>locis,</span> <span class='ocrx_word' id='word_1_8' title='bbox 452 384 485 433; x_wconf 93' lang='lat' dir='ltr'>ut</span> <span class='ocrx_word' id='word_1_9' title='bbox 498 385 568 434; x_wconf 92' lang='lat' dir='ltr'>ante</span> <span class='ocrx_word' id='word_1_10' title='bbox 582 372 652 447; x_wconf 88' lang='lat' dir='ltr'>dixi,</span> <span class='ocrx_word' id='word_1_11' title='bbox 667 386 696 434; x_wconf 90' lang='lat' dir='ltr'>et</span> <span class='ocrx_word' id='word_1_12' title='bbox 712 370 768 455; x_wconf 90' lang='lat' dir='ltr'>[in]</span> <span class='ocrx_word' id='word_1_13' title='bbox 788 372 973 452; x_wconf 71' lang='lat' dir='ltr'>maximiset</span> <span class='ocrx_word' id='word_1_14' title='bbox 987 371 1120 432; x_wconf 90' lang='lat' dir='ltr'>minimis</span> <span class='ocrx_word' id='word_1_15' title='bbox 1135 368 1193 453; x_wconf 90' lang='lat' dir='ltr'>[in]</span> 
     </span>
     <span class='ocr_line' id='line_1_3' title="bbox 153 459 782 577; baseline 0.003 -49.145"><span class='ocrx_word' id='word_1_16' title='bbox 153 469 422 577; x_wconf 83' lang='lat' dir='ltr'>1¹quaestionibus</span> <span class='ocrx_word' id='word_1_17' title='bbox 435 482 610 559; x_wconf 82' lang='lat' dir='ltr'>argumenta</span> <span class='ocrx_word' id='word_1_18' title='bbox 624 459 782 532; x_wconf 88' lang='lat' dir='ltr'>ducuntur.</span> 
     </span>
    </p>

    <p class='ocr_par' dir='ltr' id='par_1_3' title="bbox 166 554 1222 1034">
     <span class='ocr_line' id='line_1_4' title="bbox 166 554 1194 676; baseline -0.001 -49.927"><span class='ocrx_word' id='word_1_19' title='bbox 166 566 374 676; x_wconf 84' lang='lat' dir='ltr'>6Sequitur</span> <span class='ocrx_word' id='word_1_20' title='bbox 398 554 623 628; x_wconf 84' lang='lat' dir='ltr'>similitudinem</span> <span class='ocrx_word' id='word_1_21' title='bbox 644 567 810 629; x_wconf 85' lang='lat' dir='ltr'>differentia</span> <span class='ocrx_word' id='word_1_22' title='bbox 831 567 873 628; x_wconf 91' lang='lat' dir='ltr'>rei</span> <span class='ocrx_word' id='word_1_23' title='bbox 893 566 1022 628; x_wconf 83' lang='lat' dir='ltr'>maxime</span> <span class='ocrx_word' id='word_1_24' title='bbox 1046 565 1194 628; x_wconf 86' lang='lat' dir='ltr'>contraria</span> 
     </span>
     <span class='ocr_line' id='line_1_5' title="bbox 166 609 1191 742; baseline -0.001 -17.971"><span class='ocrx_word' id='word_1_25' title='bbox 166 609 356 742; x_wconf 82' lang='lat' dir='ltr'>6superiori3</span> <span class='ocrx_word' id='word_1_26' title='bbox 390 666 444 725; x_wconf 91' lang='lat' dir='ltr'>sed</span> <span class='ocrx_word' id='word_1_27' title='bbox 471 677 516 726; x_wconf 88' lang='lat' dir='ltr'>est</span> <span class='ocrx_word' id='word_1_28' title='bbox 543 665 677 726; x_wconf 90' lang='lat' dir='ltr'>eiusdem</span> <span class='ocrx_word' id='word_1_29' title='bbox 706 664 849 726; x_wconf 89' lang='lat' dir='ltr'>dissimile</span> <span class='ocrx_word' id='word_1_30' title='bbox 873 675 904 725; x_wconf 91' lang='lat' dir='ltr'>et</span> <span class='ocrx_word' id='word_1_31' title='bbox 928 664 1058 725; x_wconf 91' lang='lat' dir='ltr'>simile&#39;</span> <span class='ocrx_word' id='word_1_32' title='bbox 1050 663 1191 724; x_wconf 83' lang='lat' dir='ltr'>invenire.</span> 
     </span>
     <span class='ocr_line' id='line_1_6' title="bbox 196 761 1222 840; baseline 0.001 -19"><span class='ocrx_word' id='word_1_33' title='bbox 196 761 268 822; x_wconf 88' lang='lat' dir='ltr'>Eius</span> <span class='ocrx_word' id='word_1_34' title='bbox 295 762 411 840; x_wconf 90' lang='lat' dir='ltr'>generis</span> <span class='ocrx_word' id='word_1_35' title='bbox 438 765 513 823; x_wconf 91' lang='lat' dir='ltr'>haec</span> <span class='ocrx_word' id='word_1_36' title='bbox 542 772 628 822; x_wconf 91' lang='lat' dir='ltr'>sunt:</span> <span class='ocrx_word' id='word_1_37' title='bbox 664 765 744 836; x_wconf 91' lang='lat' dir='ltr'>Non,</span> <span class='ocrx_word' id='word_1_38' title='bbox 769 782 860 840; x_wconf 89' lang='lat' dir='ltr'>quern</span> <span class='ocrx_word' id='word_1_39' title='bbox 888 763 927 822; x_wconf 89' lang='lat' dir='ltr'>ad</span> <span class='ocrx_word' id='word_1_40' title='bbox 956 763 1081 822; x_wconf 90' lang='lat' dir='ltr'>modum</span> <span class='ocrx_word' id='word_1_41' title='bbox 1110 763 1222 839; x_wconf 87' lang='lat' dir='ltr'>quod5</span> 
     </span>
     <span class='ocr_line' id='line_1_7' title="bbox 195 858 1193 937; baseline 0.001 -20"><span class='ocrx_word' id='word_1_42' title='bbox 195 858 310 920; x_wconf 89' lang='lat' dir='ltr'>mulieri</span> <span class='ocrx_word' id='word_1_43' title='bbox 327 859 446 932; x_wconf 82' lang='lat' dir='ltr'>debeas,</span> <span class='ocrx_word' id='word_1_44' title='bbox 462 871 541 920; x_wconf 90' lang='lat' dir='ltr'>recte</span> <span class='ocrx_word' id='word_1_45' title='bbox 555 858 611 937; x_wconf 91' lang='lat' dir='ltr'>ipsi</span> <span class='ocrx_word' id='word_1_46' title='bbox 630 858 746 920; x_wconf 89' lang='lat' dir='ltr'>mulieri</span> <span class='ocrx_word' id='word_1_47' title='bbox 760 860 823 921; x_wconf 89' lang='lat' dir='ltr'>sine</span> <span class='ocrx_word' id='word_1_48' title='bbox 837 869 935 920; x_wconf 91' lang='lat' dir='ltr'>tutore</span> <span class='ocrx_word' id='word_1_49' title='bbox 948 871 1070 920; x_wconf 87' lang='lat' dir='ltr'>auctore</span> <span class='ocrx_word' id='word_1_50' title='bbox 1086 861 1193 930; x_wconf 89' lang='lat' dir='ltr'>solvas,</span> 
     </span>
     <span class='ocr_line' id='line_1_8' title="bbox 194 955 1194 1034; baseline 0.001 -20"><span class='ocrx_word' id='word_1_51' title='bbox 194 955 277 1028; x_wconf 92' lang='lat' dir='ltr'>item,</span> <span class='ocrx_word' id='word_1_52' title='bbox 290 958 373 1034; x_wconf 91' lang='lat' dir='ltr'>quod</span> <span class='ocrx_word' id='word_1_53' title='bbox 392 955 506 1034; x_wconf 92' lang='lat' dir='ltr'>pupillo</span> <span class='ocrx_word' id='word_1_54' title='bbox 525 969 576 1016; x_wconf 90' lang='lat' dir='ltr'>aut</span> <span class='ocrx_word' id='word_1_55' title='bbox 595 956 726 1034; x_wconf 90' lang='lat' dir='ltr'>pupillae</span> <span class='ocrx_word' id='word_1_56' title='bbox 740 956 859 1030; x_wconf 88' lang='lat' dir='ltr'>debeas,</span> <span class='ocrx_word' id='word_1_57' title='bbox 874 967 956 1017; x_wconf 89' lang='lat' dir='ltr'>recte</span> <span class='ocrx_word' id='word_1_58' title='bbox 973 956 1069 1034; x_wconf 92' lang='lat' dir='ltr'>possis</span> <span class='ocrx_word' id='word_1_59' title='bbox 1083 957 1194 1016; x_wconf 90' lang='lat' dir='ltr'>eodem</span> 
     </span>
    </p>

    <p class='ocr_par' dir='ltr' id='par_1_4' title="bbox 148 1052 1239 1622">
     <span class='ocr_line' id='line_1_9' title="bbox 148 1052 1193 1132; baseline -0.001 -20"><span class='ocrx_word' id='word_1_60' title='bbox 148 1069 180 1124; x_wconf 81' lang='lat'>47</span> <span class='ocrx_word' id='word_1_61' title='bbox 195 1054 287 1114; x_wconf 92' lang='lat' dir='ltr'>modo</span> <span class='ocrx_word' id='word_1_62' title='bbox 306 1055 426 1113; x_wconf 86' lang='lat' dir='ltr'>solvere.</span> <span class='ocrx_word' id='word_1_63' title='bbox 471 1052 622 1131; x_wconf 90' lang='lat' dir='ltr'>Deinceps</span> <span class='ocrx_word' id='word_1_64' title='bbox 641 1055 725 1114; x_wconf 92' lang='lat' dir='ltr'>locus</span> <span class='ocrx_word' id='word_1_65' title='bbox 743 1054 854 1132; x_wconf 91' lang='lat' dir='ltr'>estqui</span> <span class='ocrx_word' id='word_1_66' title='bbox 873 1075 890 1115; x_wconf 89' lang='lat' dir='ltr'>e</span> <span class='ocrx_word' id='word_1_67' title='bbox 909 1053 1057 1115; x_wconf 86' lang='lat' dir='ltr'>contrario</span> <span class='ocrx_word' id='word_1_68' title='bbox 1075 1053 1193 1114; x_wconf 92' lang='lat' dir='ltr'>dicitur.</span> 
     </span>
     <span class='ocr_line' id='line_1_10' title="bbox 195 1151 1194 1230; baseline -0.003 -17"><span class='ocrx_word' id='word_1_69' title='bbox 195 1151 418 1213; x_wconf 89' lang='lat' dir='ltr'>Contrariorum</span> <span class='ocrx_word' id='word_1_70' title='bbox 443 1162 543 1212; x_wconf 91' lang='lat' dir='ltr'>autem</span> <span class='ocrx_word' id='word_1_71' title='bbox 565 1172 674 1229; x_wconf 89' lang='lat' dir='ltr'>genera</span> <span class='ocrx_word' id='word_1_72' title='bbox 694 1155 797 1230; x_wconf 83' lang='lat' dir='ltr'>plura3</span> <span class='ocrx_word' id='word_1_73' title='bbox 824 1173 917 1212; x_wconf 89' lang='lat' dir='ltr'>unum</span> <span class='ocrx_word' id='word_1_74' title='bbox 937 1172 1040 1213; x_wconf 91' lang='lat' dir='ltr'>eorum</span> <span class='ocrx_word' id='word_1_75' title='bbox 1063 1151 1194 1228; x_wconf 90' lang='lat' dir='ltr'>quaein</span> 
     </span>
     <span class='ocr_line' id='line_1_11' title="bbox 195 1247 1239 1327; baseline -0.003 -18"><span class='ocrx_word' id='word_1_76' title='bbox 195 1251 301 1309; x_wconf 87' lang='lat' dir='ltr'>eodem</span> <span class='ocrx_word' id='word_1_77' title='bbox 330 1268 437 1326; x_wconf 85' lang='lat' dir='ltr'>genere</span> <span class='ocrx_word' id='word_1_78' title='bbox 465 1248 624 1326; x_wconf 90' lang='lat' dir='ltr'>plurimum</span> <span class='ocrx_word' id='word_1_79' title='bbox 649 1249 804 1324; x_wconf 81' lang='lat' dir='ltr'>differunt,</span> <span class='ocrx_word' id='word_1_80' title='bbox 828 1261 861 1309; x_wconf 91' lang='lat' dir='ltr'>ut</span> <span class='ocrx_word' id='word_1_81' title='bbox 888 1249 1033 1327; x_wconf 87' lang='lat' dir='ltr'>sapientia</span> <span class='ocrx_word' id='word_1_82' title='bbox 1059 1247 1193 1312; x_wconf 88' lang='lat' dir='ltr'>stultitia</span> <span class='ocrx_word' id='word_1_83' title='bbox 1210 1271 1239 1306; x_wconf 85' lang='grc' dir='ltr'>ιο</span> 
     </span>
     <span class='ocr_line' id='line_1_12' title="bbox 196 1347 1196 1426; baseline 0 -21"><span class='ocrx_word' id='word_1_84' title='bbox 196 1347 313 1407; x_wconf 89' lang='lat' dir='ltr'>Eodem</span> <span class='ocrx_word' id='word_1_85' title='bbox 332 1358 432 1406; x_wconf 91' lang='lat' dir='ltr'>autem</span> <span class='ocrx_word' id='word_1_86' title='bbox 450 1367 557 1424; x_wconf 85' lang='lat' dir='ltr'>genere</span> <span class='ocrx_word' id='word_1_87' title='bbox 571 1347 711 1407; x_wconf 90' lang='lat' dir='ltr'>dicuntur</span> <span class='ocrx_word' id='word_1_88' title='bbox 730 1348 839 1426; x_wconf 93' lang='lat' dir='ltr'>quibus</span> <span class='ocrx_word' id='word_1_89' title='bbox 858 1347 1017 1426; x_wconf 90' lang='lat' dir='ltr'>propositis</span> <span class='ocrx_word' id='word_1_90' title='bbox 1035 1357 1196 1407; x_wconf 89' lang='lat' dir='ltr'>occurrunt</span> 
     </span>
     <span class='ocr_line' id='line_1_13' title="bbox 195 1443 1194 1522; baseline 0 -18"><span class='ocrx_word' id='word_1_91' title='bbox 195 1455 348 1522; x_wconf 89' lang='lat' dir='ltr'>tamquam</span> <span class='ocrx_word' id='word_1_92' title='bbox 362 1465 379 1504; x_wconf 95' lang='lat' dir='ltr'>e</span> <span class='ocrx_word' id='word_1_93' title='bbox 394 1443 514 1522; x_wconf 86' lang='lat' dir='ltr'>regione</span> <span class='ocrx_word' id='word_1_94' title='bbox 528 1446 676 1522; x_wconf 83' lang='lat' dir='ltr'>quaedam</span> <span class='ocrx_word' id='word_1_95' title='bbox 691 1446 844 1518; x_wconf 89' lang='lat' dir='ltr'>contraria,</span> <span class='ocrx_word' id='word_1_96' title='bbox 861 1458 894 1506; x_wconf 91' lang='lat' dir='ltr'>ut</span> <span class='ocrx_word' id='word_1_97' title='bbox 907 1444 1048 1506; x_wconf 86' lang='lat' dir='ltr'>celeritati</span> <span class='ocrx_word' id='word_1_98' title='bbox 1062 1444 1194 1517; x_wconf 84' lang='lat' dir='ltr'>tarditas,</span> 
     </span>
     <span class='ocr_line' id='line_1_14' title="bbox 195 1540 1197 1622; baseline 0.003 -20"><span class='ocrx_word' id='word_1_99' title='bbox 195 1561 257 1602; x_wconf 93' lang='lat' dir='ltr'>non</span> <span class='ocrx_word' id='word_1_100' title='bbox 282 1540 427 1602; x_wconf 88' lang='lat' dir='ltr'>debilitas.</span> <span class='ocrx_word' id='word_1_101' title='bbox 472 1544 518 1601; x_wconf 90' lang='lat' dir='ltr'>Ex</span> <span class='ocrx_word' id='word_1_102' title='bbox 545 1543 654 1621; x_wconf 92' lang='lat' dir='ltr'>quibus</span> <span class='ocrx_word' id='word_1_103' title='bbox 679 1543 832 1604; x_wconf 86' lang='lat' dir='ltr'>contrariis</span> <span class='ocrx_word' id='word_1_104' title='bbox 856 1554 1031 1622; x_wconf 89' lang='lat' dir='ltr'>argumenta</span> <span class='ocrx_word' id='word_1_105' title='bbox 1054 1542 1125 1603; x_wconf 88' lang='lat' dir='ltr'>talia</span> <span class='ocrx_word' id='word_1_106' title='bbox 1149 1563 1197 1605; x_wconf 83' lang='lat' dir='ltr'>ex·</span> 
     </span>
    </p>

    <p class='ocr_par' dir='ltr' id='par_1_5' title="bbox 126 1637 1238 1816">
     <span class='ocr_line' id='line_1_15' title="bbox 126 1637 1197 1718; baseline 0.003 -21"><span class='ocrx_word' id='word_1_107' title='bbox 126 1684 127 1687; x_wconf 16' lang='grc' dir='ltr'>η</span> <span class='ocrx_word' id='word_1_108' title='bbox 195 1638 304 1698; x_wconf 91' lang='lat' dir='ltr'>istunt:</span> <span class='ocrx_word' id='word_1_109' title='bbox 347 1637 378 1698; x_wconf 92' lang='lat' dir='ltr'>Si</span> <span class='ocrx_word' id='word_1_110' title='bbox 410 1638 564 1698; x_wconf 89' lang='lat' dir='ltr'>stultitiam</span> <span class='ocrx_word' id='word_1_111' title='bbox 597 1639 734 1716; x_wconf 84' lang='lat' dir='ltr'>sugimus,</span> <span class='ocrx_word' id='word_1_112' title='bbox 764 1640 940 1718; x_wconf 89' lang='lat' dir='ltr'>sapientiam</span> <span class='ocrx_word' id='word_1_113' title='bbox 973 1659 1133 1718; x_wconf 87' lang='lat' dir='ltr'>sequamur</span> <span class='ocrx_word' id='word_1_114' title='bbox 1167 1652 1197 1700; x_wconf 91' lang='lat' dir='ltr'>et</span> 
     </span>
     <span class='ocr_line' id='line_1_16' title="bbox 195 1735 1238 1816; baseline 0 -20"><span class='ocrx_word' id='word_1_115' title='bbox 195 1735 360 1796; x_wconf 88' lang='lat' dir='ltr'>bonitatem</span> <span class='ocrx_word' id='word_1_116' title='bbox 389 1735 414 1795; x_wconf 92' lang='lat' dir='ltr'>si</span> <span class='ocrx_word' id='word_1_117' title='bbox 442 1735 592 1796; x_wconf 88' lang='lat' dir='ltr'>malitiam.</span> <span class='ocrx_word' id='word_1_118' title='bbox 651 1740 738 1798; x_wconf 91' lang='lat' dir='ltr'>Haec</span> <span class='ocrx_word' id='word_1_119' title='bbox 766 1758 843 1816; x_wconf 89' lang='lat' dir='ltr'>quae</span> <span class='ocrx_word' id='word_1_120' title='bbox 874 1759 915 1798; x_wconf 50' lang='lat' dir='ltr'>ex¹</span> <span class='ocrx_word' id='word_1_121' title='bbox 941 1739 1049 1798; x_wconf 91' lang='lat' dir='ltr'>eodem</span> <span class='ocrx_word' id='word_1_122' title='bbox 1086 1757 1196 1815; x_wconf 90' lang='lat' dir='ltr'>genere</span> <span class='ocrx_word' id='word_1_123' title='bbox 1212 1756 1238 1804; x_wconf 82' lang='lat'>¹5</span> 
     </span>
    </p>

    <p class='ocr_par' dir='ltr' id='par_1_6' title="bbox 151 1833 1197 2108">
     <span class='ocr_line' id='line_1_17' title="bbox 151 1833 1197 1911; baseline 0 -18"><span class='ocrx_word' id='word_1_124' title='bbox 151 1853 182 1911; x_wconf 85' lang='lat'>48</span> <span class='ocrx_word' id='word_1_125' title='bbox 195 1833 341 1893; x_wconf 90' lang='lat' dir='ltr'>contraria</span> <span class='ocrx_word' id='word_1_126' title='bbox 365 1844 434 1892; x_wconf 83' lang='lat' dir='ltr'>sunt</span> <span class='ocrx_word' id='word_1_127' title='bbox 454 1836 642 1910; x_wconf 89' lang='lat' dir='ltr'>appellantur</span> <span class='ocrx_word' id='word_1_128' title='bbox 663 1836 794 1895; x_wconf 90' lang='lat' dir='ltr'>adversa.</span> <span class='ocrx_word' id='word_1_129' title='bbox 847 1838 922 1896; x_wconf 91' lang='lat' dir='ltr'>Sunt</span> <span class='ocrx_word' id='word_1_130' title='bbox 946 1835 1027 1896; x_wconf 91' lang='lat' dir='ltr'>enim</span> <span class='ocrx_word' id='word_1_131' title='bbox 1047 1834 1105 1894; x_wconf 88' lang='lat' dir='ltr'>alia</span> <span class='ocrx_word' id='word_1_132' title='bbox 1126 1854 1197 1894; x_wconf 95' lang='lat' dir='ltr'>con-</span> 
     </span>
     <span class='ocr_line' id='line_1_18' title="bbox 196 1916 1196 2010; baseline 0.001 -21"><span class='ocrx_word' id='word_1_133' title='bbox 196 1916 290 2002; x_wconf 88' lang='lat' dir='ltr'>traria,</span> <span class='ocrx_word' id='word_1_134' title='bbox 324 1950 401 2007; x_wconf 92' lang='lat' dir='ltr'>quae</span> <span class='ocrx_word' id='word_1_135' title='bbox 436 1930 581 2007; x_wconf 89' lang='lat' dir='ltr'>privantia</span> <span class='ocrx_word' id='word_1_136' title='bbox 616 1931 684 1992; x_wconf 89' lang='lat' dir='ltr'>licet</span> <span class='ocrx_word' id='word_1_137' title='bbox 718 1935 903 2010; x_wconf 89' lang='lat' dir='ltr'>appellemus</span> <span class='ocrx_word' id='word_1_138' title='bbox 939 1931 1053 2005; x_wconf 85' lang='lat' dir='ltr'>Latine,</span> <span class='ocrx_word' id='word_1_139' title='bbox 1088 1930 1196 1992; x_wconf 89' lang='lat' dir='ltr'>Graeci</span> 
     </span>
     <span class='ocr_line' id='line_1_19' title="bbox 195 2027 1196 2108; baseline 0.002 -22"><span class='ocrx_word' id='word_1_140' title='bbox 195 2030 347 2104; x_wconf 89' lang='lat' dir='ltr'>appellant</span> <span class='ocrx_word' id='word_1_141' title='bbox 363 2031 521 2106; x_wconf 79' lang='grc' dir='ltr'>στερητικά.</span> <span class='ocrx_word' id='word_1_142' title='bbox 564 2028 738 2107; x_wconf 85' lang='lat' dir='ltr'>Praeposito</span> <span class='ocrx_word' id='word_1_143' title='bbox 753 2029 833 2091; x_wconf 90' lang='lat' dir='ltr'>enim</span> <span class='ocrx_word' id='word_1_144' title='bbox 850 2030 914 2089; x_wconf 90' lang='lat' dir='ltr'>‘in&#39;</span> <span class='ocrx_word' id='word_1_145' title='bbox 927 2028 1057 2108; x_wconf 89' lang='lat' dir='ltr'>privatur</span> <span class='ocrx_word' id='word_1_146' title='bbox 1070 2027 1196 2088; x_wconf 85' lang='lat' dir='ltr'>verbum</span> 
     </span>
    </p>

    <p class='ocr_par' dir='ltr' id='par_1_7' title="bbox 102 2123 1239 2400">
     <span class='ocr_line' id='line_1_20' title="bbox 102 2123 1196 2204; baseline 0.003 -21"><span class='ocrx_word' id='word_1_147' title='bbox 102 2150 103 2153; x_wconf 41' lang='lat'>¹</span> <span class='ocrx_word' id='word_1_148' title='bbox 196 2145 231 2184; x_wconf 90' lang='lat' dir='ltr'>ea</span> <span class='ocrx_word' id='word_1_149' title='bbox 245 2123 282 2197; x_wconf 90' lang='lat' dir='ltr'>vi,</span> <span class='ocrx_word' id='word_1_150' title='bbox 293 2145 383 2202; x_wconf 89' lang='lat' dir='ltr'>quam</span> <span class='ocrx_word' id='word_1_151' title='bbox 394 2126 517 2186; x_wconf 90' lang='lat' dir='ltr'>haberet</span> <span class='ocrx_word' id='word_1_152' title='bbox 532 2125 556 2185; x_wconf 92' lang='lat' dir='ltr'>si</span> <span class='ocrx_word' id='word_1_153' title='bbox 571 2125 636 2184; x_wconf 91' lang='lat' dir='ltr'>‘in&#39;</span> <span class='ocrx_word' id='word_1_154' title='bbox 651 2126 852 2204; x_wconf 91' lang='lat' dir='ltr'>praepositum</span> <span class='ocrx_word' id='word_1_155' title='bbox 867 2147 930 2188; x_wconf 94' lang='lat' dir='ltr'>non</span> <span class='ocrx_word' id='word_1_156' title='bbox 943 2126 1053 2198; x_wconf 86' lang='lat' dir='ltr'>fuisset,</span> <span class='ocrx_word' id='word_1_157' title='bbox 1066 2126 1196 2204; x_wconf 90' lang='lat' dir='ltr'>dignitas</span> 
     </span>
     <span class='ocr_line' id='line_1_21' title="bbox 195 2209 1239 2303; baseline 0.005 -22"><span class='ocrx_word' id='word_1_158' title='bbox 195 2209 365 2300; x_wconf 84' lang='lat' dir='ltr'>indignitas,</span> <span class='ocrx_word' id='word_1_159' title='bbox 374 2223 543 2283; x_wconf 86' lang='lat' dir='ltr'>humanitas</span> <span class='ocrx_word' id='word_1_160' title='bbox 553 2221 762 2298; x_wconf 86' lang='lat' dir='ltr'>inhumanitas,</span> <span class='ocrx_word' id='word_1_161' title='bbox 775 2236 805 2286; x_wconf 89' lang='lat' dir='ltr'>et</span> <span class='ocrx_word' id='word_1_162' title='bbox 816 2236 913 2286; x_wconf 89' lang='lat' dir='ltr'>cetera</span> <span class='ocrx_word' id='word_1_163' title='bbox 923 2224 1038 2303; x_wconf 88' lang='lat' dir='ltr'>generis</span> <span class='ocrx_word' id='word_1_164' title='bbox 1048 2223 1194 2295; x_wconf 89' lang='lat' dir='ltr'>eiusdem,</span> <span class='ocrx_word' id='word_1_165' title='bbox 1211 2249 1239 2286; x_wconf 64' lang='grc' dir='ltr'>ιο</span> 
     </span>
     <span class='ocr_line' id='line_1_22' title="bbox 196 2320 1197 2400; baseline 0.003 -21"><span class='ocrx_word' id='word_1_166' title='bbox 196 2339 323 2396; x_wconf 90' lang='lat' dir='ltr'>quorum</span> <span class='ocrx_word' id='word_1_167' title='bbox 338 2320 492 2381; x_wconf 87' lang='lat' dir='ltr'>tractactio</span> <span class='ocrx_word' id='word_1_168' title='bbox 506 2332 550 2381; x_wconf 91' lang='lat' dir='ltr'>est</span> <span class='ocrx_word' id='word_1_169' title='bbox 565 2322 671 2382; x_wconf 92' lang='lat' dir='ltr'>eadem</span> <span class='ocrx_word' id='word_1_170' title='bbox 686 2342 763 2399; x_wconf 91' lang='lat' dir='ltr'>quae</span> <span class='ocrx_word' id='word_1_171' title='bbox 777 2322 962 2399; x_wconf 90' lang='lat' dir='ltr'>superiorum</span> <span class='ocrx_word' id='word_1_172' title='bbox 977 2341 1054 2400; x_wconf 88' lang='lat' dir='ltr'>quae</span> <span class='ocrx_word' id='word_1_173' title='bbox 1071 2323 1197 2382; x_wconf 88' lang='lat' dir='ltr'>adversa</span> 
     </span>
    </p>

    <p class='ocr_par' dir='ltr' id='par_1_8' title="bbox 151 2417 1197 2595">
     <span class='ocr_line' id='line_1_23' title="bbox 151 2417 1197 2498; baseline 0 -20"><span class='ocrx_word' id='word_1_174' title='bbox 151 2449 184 2498; x_wconf 87' lang='lat'>49</span> <span class='ocrx_word' id='word_1_175' title='bbox 196 2417 265 2478; x_wconf 89' lang='lat' dir='ltr'>dixi.</span> <span class='ocrx_word' id='word_1_176' title='bbox 310 2419 390 2477; x_wconf 92' lang='lat' dir='ltr'>Nam</span> <span class='ocrx_word' id='word_1_177' title='bbox 404 2418 463 2478; x_wconf 86' lang='lat' dir='ltr'>alia</span> <span class='ocrx_word' id='word_1_178' title='bbox 476 2438 598 2496; x_wconf 90' lang='lat' dir='ltr'>quoque</span> <span class='ocrx_word' id='word_1_179' title='bbox 617 2431 687 2478; x_wconf 92' lang='lat' dir='ltr'>sunt</span> <span class='ocrx_word' id='word_1_180' title='bbox 705 2418 919 2480; x_wconf 82' lang='lat' dir='ltr'>contrariorum</span> <span class='ocrx_word' id='word_1_181' title='bbox 934 2439 1050 2496; x_wconf 90' lang='lat' dir='ltr'>genera,</span> <span class='ocrx_word' id='word_1_182' title='bbox 1065 2421 1147 2480; x_wconf 90' lang='lat' dir='ltr'>velut</span> <span class='ocrx_word' id='word_1_183' title='bbox 1162 2440 1197 2480; x_wconf 91' lang='lat' dir='ltr'>ea</span> 
     </span>
     <span class='ocr_line' id='line_1_24' title="bbox 196 2515 1197 2595; baseline 0.001 -20"><span class='ocrx_word' id='word_1_184' title='bbox 196 2535 273 2593; x_wconf 89' lang='lat' dir='ltr'>quae</span> <span class='ocrx_word' id='word_1_185' title='bbox 294 2534 363 2574; x_wconf 90' lang='lat' dir='ltr'>curn</span> <span class='ocrx_word' id='word_1_186' title='bbox 384 2515 485 2592; x_wconf 91' lang='lat' dir='ltr'>aliquo</span> <span class='ocrx_word' id='word_1_187' title='bbox 506 2518 706 2590; x_wconf 87' lang='lat' dir='ltr'>conferuntur,</span> <span class='ocrx_word' id='word_1_188' title='bbox 729 2529 762 2577; x_wconf 92' lang='lat' dir='ltr'>ut</span> <span class='ocrx_word' id='word_1_189' title='bbox 783 2518 908 2595; x_wconf 89' lang='lat' dir='ltr'>duplum</span> <span class='ocrx_word' id='word_1_190' title='bbox 930 2517 1081 2594; x_wconf 90' lang='lat' dir='ltr'>simplum,</span> <span class='ocrx_word' id='word_1_191' title='bbox 1103 2519 1197 2576; x_wconf 90' lang='lat' dir='ltr'>multa</span> 
     </span>
    </p>

    <p class='ocr_par' dir='ltr' id='par_1_9' title="bbox 97 2612 1240 3080">
     <span class='ocr_line' id='line_1_25' title="bbox 97 2612 1195 2691; baseline 0.004 -20"><span class='ocrx_word' id='word_1_192' title='bbox 97 2612 98 2615; x_wconf 66' lang='grc'>’</span> <span class='ocrx_word' id='word_1_193' title='bbox 196 2632 298 2691; x_wconf 83' lang='lat' dir='ltr'>pauca,</span> <span class='ocrx_word' id='word_1_194' title='bbox 315 2614 438 2691; x_wconf 92' lang='lat' dir='ltr'>longum</span> <span class='ocrx_word' id='word_1_195' title='bbox 457 2612 555 2686; x_wconf 87' lang='lat' dir='ltr'>breve,</span> <span class='ocrx_word' id='word_1_196' title='bbox 571 2613 666 2673; x_wconf 91' lang='lat' dir='ltr'>maius</span> <span class='ocrx_word' id='word_1_197' title='bbox 687 2613 793 2674; x_wconf 79' lang='lat' dir='ltr'>minus</span> <span class='ocrx_word' id='word_1_198' title='bbox 837 2618 913 2676; x_wconf 88' lang='lat' dir='ltr'>Sunt</span> <span class='ocrx_word' id='word_1_199' title='bbox 931 2614 1021 2675; x_wconf 89' lang='lat' dir='ltr'>etiam</span> <span class='ocrx_word' id='word_1_200' title='bbox 1041 2614 1091 2674; x_wconf 91' lang='lat' dir='ltr'>illa</span> <span class='ocrx_word' id='word_1_201' title='bbox 1107 2617 1195 2675; x_wconf 90' lang='lat' dir='ltr'>valde</span> 
     </span>
     <span class='ocr_line' id='line_1_26' title="bbox 196 2709 1240 2790; baseline 0 -20"><span class='ocrx_word' id='word_1_202' title='bbox 196 2709 342 2779; x_wconf 84' lang='lat' dir='ltr'>contraria</span> <span class='ocrx_word' id='word_1_203' title='bbox 361 2730 438 2788; x_wconf 93' lang='lat' dir='ltr'>quae</span> <span class='ocrx_word' id='word_1_204' title='bbox 458 2713 644 2788; x_wconf 87' lang='lat' dir='ltr'>appellantur</span> <span class='ocrx_word' id='word_1_205' title='bbox 663 2713 820 2790; x_wconf 85' lang='lat' dir='ltr'>negantia;</span> <span class='ocrx_word' id='word_1_206' title='bbox 840 2733 876 2774; x_wconf 89' lang='lat' dir='ltr'>ea</span> <span class='ocrx_word' id='word_1_207' title='bbox 890 2716 1053 2790; x_wconf 75' lang='grc' dir='ltr'>ἀποφατικὰ</span> <span class='ocrx_word' id='word_1_208' title='bbox 1070 2715 1195 2787; x_wconf 89' lang='lat' dir='ltr'>Graece,</span> <span class='ocrx_word' id='word_1_209' title='bbox 1211 2736 1240 2785; x_wconf 84' lang='lat'>²5</span> 
     </span>
     <span class='ocr_line' id='line_1_27' title="bbox 196 2803 1194 2888; baseline 0.003 -21"><span class='ocrx_word' id='word_1_210' title='bbox 196 2807 341 2868; x_wconf 91' lang='lat' dir='ltr'>contraria</span> <span class='ocrx_word' id='word_1_211' title='bbox 359 2807 525 2868; x_wconf 90' lang='lat' dir='ltr'>aientibus:</span> <span class='ocrx_word' id='word_1_212' title='bbox 551 2809 581 2869; x_wconf 92' lang='lat' dir='ltr'>Si</span> <span class='ocrx_word' id='word_1_213' title='bbox 600 2812 659 2870; x_wconf 94' lang='lat' dir='ltr'>boc</span> <span class='ocrx_word' id='word_1_214' title='bbox 674 2821 726 2884; x_wconf 91' lang='lat' dir='ltr'>est,</span> <span class='ocrx_word' id='word_1_215' title='bbox 742 2810 816 2871; x_wconf 90' lang='lat' dir='ltr'>illud</span> <span class='ocrx_word' id='word_1_216' title='bbox 837 2831 898 2871; x_wconf 92' lang='lat' dir='ltr'>non</span> <span class='ocrx_word' id='word_1_217' title='bbox 919 2823 971 2872; x_wconf 92' lang='lat' dir='ltr'>est.</span> <span class='ocrx_word' id='word_1_218' title='bbox 1016 2810 1099 2888; x_wconf 91' lang='lat' dir='ltr'>Quid</span> <span class='ocrx_word' id='word_1_219' title='bbox 1114 2803 1194 2871; x_wconf 85' lang='lat' dir='ltr'>enim</span> 
     </span>
     <span class='ocr_line' id='line_1_28' title="bbox 196 2907 1197 2988; baseline 0.004 -23"><span class='ocrx_word' id='word_1_220' title='bbox 196 2925 272 2983; x_wconf 90' lang='lat' dir='ltr'>opus</span> <span class='ocrx_word' id='word_1_221' title='bbox 300 2908 436 2984; x_wconf 87' lang='lat' dir='ltr'>exemplo</span> <span class='ocrx_word' id='word_1_222' title='bbox 460 2909 531 2966; x_wconf 87' lang='lat' dir='ltr'>est?</span> <span class='ocrx_word' id='word_1_223' title='bbox 575 2909 707 2966; x_wconf 86' lang='lat' dir='ltr'>Tantum</span> <span class='ocrx_word' id='word_1_224' title='bbox 738 2907 932 2986; x_wconf 88' lang='lat' dir='ltr'>intellegatur,</span> <span class='ocrx_word' id='word_1_225' title='bbox 961 2908 993 2968; x_wconf 95' lang='lat' dir='ltr'>in</span> <span class='ocrx_word' id='word_1_226' title='bbox 1020 2921 1197 2988; x_wconf 88' lang='lat' dir='ltr'>argumento</span> 
     </span>
     <span class='ocr_line' id='line_1_29' title="bbox 196 3003 1110 3080; baseline 0.004 -18"><span class='ocrx_word' id='word_1_227' title='bbox 196 3004 368 3080; x_wconf 89' lang='lat' dir='ltr'>quaerendo</span> <span class='ocrx_word' id='word_1_228' title='bbox 383 3003 536 3064; x_wconf 88' lang='lat' dir='ltr'>contrariis</span> <span class='ocrx_word' id='word_1_229' title='bbox 551 3004 691 3064; x_wconf 94' lang='lat' dir='ltr'>omnibus</span> <span class='ocrx_word' id='word_1_230' title='bbox 706 3005 851 3066; x_wconf 90' lang='lat' dir='ltr'>contraria</span> <span class='ocrx_word' id='word_1_231' title='bbox 865 3027 927 3066; x_wconf 93' lang='lat' dir='ltr'>non</span> <span class='ocrx_word' id='word_1_232' title='bbox 942 3005 1110 3068; x_wconf 87' lang='lat' dir='ltr'>convenire.</span> 
     </span>
    </p>

    <p class='ocr_par' dir='ltr' id='par_1_10' title="bbox 153 3101 1243 3467">
     <span class='ocr_line' id='line_1_30' title="bbox 153 3101 1195 3182; baseline 0.002 -20"><span class='ocrx_word' id='word_1_233' title='bbox 153 3128 184 3176; x_wconf 80' lang='lat'>50</span> <span class='ocrx_word' id='word_1_234' title='bbox 236 3101 286 3161; x_wconf 90' lang='lat' dir='ltr'>Ab</span> <span class='ocrx_word' id='word_1_235' title='bbox 299 3101 448 3161; x_wconf 90' lang='lat' dir='ltr'>adiunctis</span> <span class='ocrx_word' id='word_1_236' title='bbox 461 3114 561 3162; x_wconf 90' lang='lat' dir='ltr'>autem</span> <span class='ocrx_word' id='word_1_237' title='bbox 576 3102 662 3179; x_wconf 91' lang='lat' dir='ltr'>posui</span> <span class='ocrx_word' id='word_1_238' title='bbox 676 3103 817 3180; x_wconf 90' lang='lat' dir='ltr'>equidem</span> <span class='ocrx_word' id='word_1_239' title='bbox 829 3107 997 3182; x_wconf 90' lang='lat' dir='ltr'>exemplum</span> <span class='ocrx_word' id='word_1_240' title='bbox 1012 3106 1102 3182; x_wconf 90' lang='lat' dir='ltr'>paulo</span> <span class='ocrx_word' id='word_1_241' title='bbox 1116 3116 1195 3178; x_wconf 89' lang='lat' dir='ltr'>ante,</span> 
     </span>
     <span class='ocr_line' id='line_1_31' title="bbox 194 3197 1243 3276; baseline 0.002 -15"><span class='ocrx_word' id='word_1_242' title='bbox 194 3200 291 3262; x_wconf 67' lang='lat' dir='ltr'>,multa</span> <span class='ocrx_word' id='word_1_243' title='bbox 310 3197 441 3276; x_wconf 89' lang='lat' dir='ltr'>adiungi,</span> <span class='ocrx_word' id='word_1_244' title='bbox 461 3219 538 3276; x_wconf 91' lang='lat' dir='ltr'>quae</span> <span class='ocrx_word' id='word_1_245' title='bbox 559 3198 749 3276; x_wconf 87' lang='lat' dir='ltr'>suscipienda</span> <span class='ocrx_word' id='word_1_246' title='bbox 769 3213 869 3262; x_wconf 89' lang='lat' dir='ltr'>essent</span> <span class='ocrx_word' id='word_1_247' title='bbox 888 3202 912 3262; x_wconf 90' lang='lat' dir='ltr'>si</span> <span class='ocrx_word' id='word_1_248' title='bbox 934 3202 1140 3264; x_wconf 87' lang='lat' dir='ltr'>statuissemus</span> <span class='ocrx_word' id='word_1_249' title='bbox 1160 3223 1197 3263; x_wconf 87' lang='lat' dir='ltr'>ex</span> <span class='ocrx_word' id='word_1_250' title='bbox 1212 3227 1243 3275; x_wconf 78' lang='lat'>30</span> 
     </span>
     <span class='ocr_line' id='line_1_32' title="bbox 193 3296 1197 3377; baseline 0.005 -21"><span class='ocrx_word' id='word_1_251' title='bbox 193 3296 298 3356; x_wconf 89' lang='lat' dir='ltr'>edicto</span> <span class='ocrx_word' id='word_1_252' title='bbox 322 3298 489 3357; x_wconf 90' lang='lat' dir='ltr'>secundum</span> <span class='ocrx_word' id='word_1_253' title='bbox 510 3316 563 3356; x_wconf 86' lang='lat' dir='ltr'>eas</span> <span class='ocrx_word' id='word_1_254' title='bbox 587 3297 703 3357; x_wconf 89' lang='lat' dir='ltr'>tabulas</span> <span class='ocrx_word' id='word_1_255' title='bbox 731 3299 951 3376; x_wconf 92' lang='lat' dir='ltr'>possessionem</span> <span class='ocrx_word' id='word_1_256' title='bbox 976 3299 1050 3374; x_wconf 87' lang='lat' dir='ltr'>dari,</span> <span class='ocrx_word' id='word_1_257' title='bbox 1072 3319 1147 3377; x_wconf 90' lang='lat' dir='ltr'>quas</span> <span class='ocrx_word' id='word_1_258' title='bbox 1171 3300 1197 3361; x_wconf 94' lang='lat' dir='ltr'>is</span> 
     </span>
     <span class='ocr_line' id='line_1_33' title="bbox 197 3385 1197 3467; baseline 0.004 -13"><span class='ocrx_word' id='word_1_259' title='bbox 197 3393 371 3455; x_wconf 89' lang='lat' dir='ltr'>instituisset</span> <span class='ocrx_word' id='word_1_260' title='bbox 390 3394 438 3454; x_wconf 93' lang='lat' dir='ltr'>cui</span> <span class='ocrx_word' id='word_1_261' title='bbox 453 3385 630 3467; x_wconf 83' lang='lat' dir='ltr'>testamenti</span> <span class='ocrx_word' id='word_1_262' title='bbox 640 3396 731 3456; x_wconf 85' lang='lat' dir='ltr'>factio</span> <span class='ocrx_word' id='word_1_263' title='bbox 750 3399 831 3456; x_wconf 92' lang='lat' dir='ltr'>nulla</span> <span class='ocrx_word' id='word_1_264' title='bbox 845 3409 930 3458; x_wconf 92' lang='lat' dir='ltr'>esset.</span> <span class='ocrx_word' id='word_1_265' title='bbox 974 3398 1034 3458; x_wconf 88' lang='lat' dir='ltr'>Sed</span> <span class='ocrx_word' id='word_1_266' title='bbox 1048 3399 1133 3458; x_wconf 92' lang='lat' dir='ltr'>locus</span> <span class='ocrx_word' id='word_1_267' title='bbox 1147 3398 1197 3458; x_wconf 92' lang='lat' dir='ltr'>hic</span> 
     </span>
    </p>
   </div>
   <div class='ocr_carea' id='block_1_3' title="bbox 233 3551 1198 3616">
    <p class='ocr_par' dir='ltr' id='par_1_11' title="bbox 233 3551 1198 3616">
     <span class='ocr_line' id='line_1_34' title="bbox 233 3551 1198 3616; baseline 0.007 -18"><span class='ocrx_word' id='word_1_268' title='bbox 233 3551 290 3599; x_wconf 89' lang='lat' dir='ltr'>1in</span> <span class='ocrx_word' id='word_1_269' title='bbox 302 3567 352 3600; x_wconf 89' lang='lat' dir='ltr'>om</span> <span class='ocrx_word' id='word_1_270' title='bbox 366 3551 433 3601; x_wconf 86' lang='lat' dir='ltr'>codd.</span> <span class='ocrx_word' id='word_1_271' title='bbox 499 3567 524 3599; x_wconf 83' lang='grc' dir='ltr'>ιιι</span> <span class='ocrx_word' id='word_1_272' title='bbox 538 3567 649 3613; x_wconf 75' lang='lat' dir='ltr'>minimis</span> <span class='ocrx_word' id='word_1_273' title='bbox 662 3553 734 3615; x_wconf 84' lang='lat' dir='ltr'>Os</span> <span class='ocrx_word' id='word_1_274' title='bbox 727 3569 753 3601; x_wconf 79' lang='lat' dir='ltr'>tn</span> <span class='ocrx_word' id='word_1_275' title='bbox 765 3569 815 3602; x_wconf 88' lang='lat' dir='ltr'>om</span> <span class='ocrx_word' id='word_1_276' title='bbox 833 3552 859 3600; x_wconf 89' lang='lat' dir='ltr'><em>V</em></span> <span class='ocrx_word' id='word_1_277' title='bbox 973 3556 1003 3603; x_wconf 89' lang='lat'>16</span> <span class='ocrx_word' id='word_1_278' title='bbox 1019 3555 1129 3604; x_wconf 81' lang='lat' dir='ltr'>adversa</span> <span class='ocrx_word' id='word_1_279' title='bbox 1150 3557 1198 3616; x_wconf 89' lang='lat' dir='ltr'>Os</span> 
     </span>
    </p>
   </div>
   <div class='ocr_carea' id='block_1_4' title="bbox 198 3608 1198 3749">
    <p class='ocr_par' dir='ltr' id='par_1_12' title="bbox 198 3608 1198 3749">
     <span class='ocr_line' id='line_1_35' title="bbox 198 3608 1198 3680; baseline 0.006 -16"><span class='ocrx_word' id='word_1_280' title='bbox 198 3617 298 3665; x_wconf 82' lang='lat' dir='ltr'>diversa</span> <span class='ocrx_word' id='word_1_281' title='bbox 309 3614 376 3665; x_wconf 83' lang='lat' dir='ltr'>codd.</span> <span class='ocrx_word' id='word_1_282' title='bbox 540 3632 573 3679; x_wconf 78' lang='lat'>25</span> <span class='ocrx_word' id='word_1_283' title='bbox 591 3633 684 3667; x_wconf 86' lang='lat' dir='ltr'>eaom.</span> <span class='ocrx_word' id='word_1_284' title='bbox 695 3619 719 3667; x_wconf 82' lang='lat' dir='ltr'><em>A</em></span> <span class='ocrx_word' id='word_1_285' title='bbox 790 3619 890 3670; x_wconf 89' lang='lat' dir='ltr'>Graece</span> <span class='ocrx_word' id='word_1_286' title='bbox 902 3620 936 3668; x_wconf 86' lang='lat' dir='ltr'>A·</span> <span class='ocrx_word' id='word_1_287' title='bbox 941 3608 986 3680; x_wconf 80' lang='lat' dir='ltr'>Os:</span> <span class='ocrx_word' id='word_1_288' title='bbox 1006 3620 1100 3670; x_wconf 85' lang='lat' dir='ltr'>Graeci</span> <span class='ocrx_word' id='word_1_289' title='bbox 1112 3621 1198 3671; x_wconf 90' lang='lat' dir='ltr'>codd.</span> 
     </span>
     <span class='ocr_line' id='line_1_36' title="bbox 200 3679 723 3749; baseline 0.004 -19"><span class='ocrx_word' id='word_1_290' title='bbox 200 3679 347 3745; x_wconf 63' lang='grc' dir='ltr'>(ἀποφατικὰ</span> <span class='ocrx_word' id='word_1_291' title='bbox 357 3681 463 3748; x_wconf 85' lang='lat' dir='ltr'>Graeci)</span> <span class='ocrx_word' id='word_1_292' title='bbox 476 3682 605 3732; x_wconf 81' lang='lat' dir='ltr'>aientibus</span> <span class='ocrx_word' id='word_1_293' title='bbox 616 3683 723 3749; x_wconf 79' lang='lat' dir='ltr'>Madvig</span> 
     </span>
    </p>
   </div>
   <div class='ocr_carea' id='block_1_5' title="bbox 0 0 1298 4178">
    <p class='ocr_par' dir='ltr' id='par_1_13' title="bbox 0 0 1298 4178">
     <span class='ocr_line' id='line_1_37' title="bbox 0 0 1298 4178; baseline 0 0"><span class='ocrx_word' id='word_1_294' title='bbox 0 0 1298 4178; x_wconf 95' lang='lat' dir='ltr'> </span> 
     </span>
    </p>
   </div>
  </div>
 </body>
</html>
