2588 4178
522 194 701 255 ORATOR
1078 203 1159 270 19⁶1

115 373 186 422 sunt
216 361 248 422 in
278 373 394 423 oratore
426 373 540 440 partem
569 361 701 439 aliquam
732 360 789 422 sibi
818 359 946 438 quisque
976 359 1117 434 vindicat,

115 458 238 521 dicendi
255 458 412 532 autemid
433 471 478 519 est
497 459 667 538 eloquendi,
684 458 813 519 maxima
829 458 872 518 vis
887 457 942 519 soli
961 457 1032 518 huic
1049 477 1120 518 con-

115 556 239 618 ceditur.

157 656 350 733 Quamquam
378 653 460 716 enim
488 666 519 716 et
546 654 718 733 philosophi
745 654 868 733 quidam
896 665 999 714 ornate
1026 653 1119 714 locuti
1132 671 1163 720 ⁶2

89 752 252 818 ssunt—si
280 752 404 831 quidem
432 765 463 814 et
495 754 721 830 Theophrastus
748 775 767 812 a
794 751 949 814 divinitate
975 750 1119 830 loquendi

116 869 230 910 nomen
250 848 364 910 invenit
384 862 414 911 et
431 849 606 911 Aristoteles
623 853 786 910 Isocratem
807 849 905 928 ipsum
926 849 1073 910 lacessivit
1089 860 1120 910 et

116 946 328 1025 Xenophontis
355 967 430 1009 voce
459 950 564 1008 Musas
592 947 677 1025 quasi
706 950 822 1008 locutas
849 949 947 1009 serunt
974 958 1004 1008 et
1031 949 1120 1024 longe

117 1044 254 1105 omnium
274 1044 458 1124 quicumque
479 1045 660 1124 scripserunt
683 1056 736 1105 aut
755 1044 848 1105 locuti
869 1056 939 1105 sunt
959 1044 1069 1104 exstitit
1090 1055 1121 1105 et

118 1141 263 1204 suavitate
280 1155 309 1204 et
325 1145 468 1220 gravitate
481 1143 620 1222 princeps
635 1145 769 1216 Plato-,
785 1155 886 1202 tamen
900 1144 1007 1202 horum
1026 1140 1121 1202 oratio

74 1265 106 1301 ro
118 1259 218 1318 neque
240 1259 346 1301 nervos
371 1261 470 1319 neque
493 1243 615 1302 aculeos
643 1240 786 1301 oratorios
810 1260 846 1300 ac
873 1239 998 1301 forensis
1019 1239 1118 1299 habet

119 1338 298 1414 Loquuntur
311 1358 381 1398 cum
395 1338 501 1412 doctis,
511 1357 640 1416 quorum
653 1339 757 1398 sedare
770 1336 887 1398 animos
901 1340 1016 1397 malunt
1029 1357 1120 1415 quam
1133 1347 1166 1408 63

115 1421 249 1508 incitare,
266 1446 296 1495 et
309 1436 350 1496 de
365 1434 454 1496 rebus
468 1434 593 1512 placatis
608 1454 645 1494 ac
663 1433 786 1494 minime
800 1433 977 1494 turbulentis
991 1433 1123 1494 docendi

119 1551 210 1592 causa
227 1552 290 1592 non
309 1531 448 1610 capiendi
465 1534 636 1610 loquuntur,
652 1543 685 1591 ut
702 1530 733 1590 in
753 1552 790 1592 eo
807 1531 881 1608 ipso,
897 1532 980 1608 quod
996 1533 1123 1592 delecta·

121 1628 235 1690 tionem
251 1628 382 1707 aliquam
402 1629 534 1690 dicendo
554 1641 748 1707 aucupentur,
764 1630 831 1707 plus
848 1649 911 1689 non
924 1627 1013 1689 nullis
1031 1648 1122 1706 quam

76 1745 244 1799 15necesse
268 1725 306 1786 sit
333 1728 430 1789 lacere
457 1726 620 1788 videantur.
667 1729 747 1804 Ergo
774 1725 813 1786 ab
840 1727 899 1786 hoc
926 1745 1034 1803 genere
1060 1744 1123 1785 non

122 1821 242 1885 difficile
263 1835 308 1884 est
326 1825 405 1884 hane
429 1823 642 1903 eloquentiam,
659 1825 698 1884 de
720 1843 779 1901 qua
803 1843 884 1883 nunc
907 1821 1011 1900 agitur,
1031 1841 1123 1882 secer·

120 1939 199 1980 nere
243 1920 346 1981 Mollis
366 1933 412 1982 est
429 1921 510 1982 enim
531 1920 627 1982 oratio
641 1920 891 2006 philosophorum
912 1930 942 1981 et
958 1919 1123 1980 umbratilis
1135 1927 1169 1991 64

121 2037 178 2078 nec
199 2017 353 2079 sententiis
374 2039 431 2079 nec
449 2017 546 2079 verbis
569 2017 712 2079 instructa
732 2018 924 2097 popularibus
946 2037 1003 2079 nec
1025 2017 1124 2077 vincta

122 2114 262 2189 numeris,
282 2117 336 2177 sed
360 2119 458 2177 soluta
479 2115 600 2176 liberius
610 2137 619 2190 3
645 2115 719 2175 nihil
740 2115 847 2176 iratum
867 2115 967 2188 habet,
987 2114 1062 2174 nihil
1082 2114 1125 2174 in-

78 2239 111 2275 ιο
122 2211 235 2286 vidum,
257 2210 332 2272 nihil
352 2223 443 2286 atrox,
464 2211 538 2271 nihil
563 2210 739 2286 miserabile,
758 2211 833 2272 nihil
856 2223 988 2272 astutum
998 2233 1007 2286 ;
1033 2223 1123 2284 casta,

122 2312 299 2384 verecunda,
317 2309 400 2390 virgo
418 2310 589 2388 incorrupta
605 2313 738 2388 quodam
757 2312 857 2371 mod0.
901 2313 1008 2388 Itaque
1026 2330 1124 2370 sermo

122 2408 324 2488 potiusquam
339 2408 434 2470 oratio
444 2407 560 2470 dicitur.
599 2410 791 2487 Quamquam
806 2409 886 2469 enim
900 2408 998 2469 omnis
1012 2406 1125 2469 locutio

122 2507 218 2568 oratio
236 2519 290 2580 est,
306 2519 407 2568 tamen
425 2506 514 2567 unius
528 2506 651 2567 oratoris
670 2506 782 2567 locutio
798 2508 858 2567 hoc
874 2505 994 2585 proprio
1010 2505 1125 2582 signata

123 2605 246 2670 nornine
260 2617 313 2666 est

79 2725 110 2776 ²5
163 2702 378 2781 Sophistarum,
398 2704 438 2764 de
460 2702 569 2781 quibus
593 2702 772 2781 supradixi,
796 2702 888 2781 magis
912 2702 1124 2780 distinguenda
1134 2711 1166 2775 ⁶5

122 2799 288 2862 similitudo
308 2800 434 2874 videtur,
457 2799 509 2878 qui
533 2821 638 2862 omnes
662 2802 786 2862 eosdem
808 2803 912 2861 volunt
936 2802 1023 2861 flores
1047 2820 1124 2878 quos

122 2896 247 2958 adhibet
261 2908 360 2958 orator
378 2896 409 2957 in
430 2897 527 2958 causis
541 2898 686 2976 persequi.
730 2900 790 2959 Sed
807 2901 865 2959 hoc
879 2898 1018 2959 differunt
1032 2900 1124 2975 quod,

123 3015 192 3055 cum
211 2994 248 3054 sit
262 2993 308 3054 his
323 2994 511 3073 propositum
531 3016 592 3056 non
611 2996 783 3074 perturbare
801 2995 925 3069 animos,
941 2997 995 3056 sed
1009 2998 1125 3074 placare

122 3091 223 3169 potius
245 3111 302 3152 nec
324 3103 385 3152 tam
407 3095 585 3170 persuadere
606 3114 696 3171 quam
717 3095 873 3167 delectare,
894 3104 924 3154 et
943 3092 1073 3171 apertius
1094 3092 1125 3154 id

123 3264 180 3375 af,
190 3248 574 3375 ttlsslt'taftltth
592 3248 945 3377 rtgatlsslltt‘ylhz
956 3247 1126 3375 {hatti

123 3376 163 3428 L:
181 3377 221 3441 [et
247 3378 372 3440 gravitate
384 3377 523 3441 Heerdegen
668 3395 698 3428 ra
715 3381 784 3428 etde
795 3379 950 3442 Heerdegen:
969 3377 1069 3428 fideL:
1089 3380 1126 3428 sic

124 3443 158 3490 de
242 3443 344 3493 ,deam
369 3444 619 3506 sic...loquuntur
636 3445 686 3493 secl.
708 3445 821 3507 Kayser:
851 3442 971 3509 [scilicet]
988 3447 1020 3492 de
1035 3443 1129 3506 Stangl

127 3522 157 3569 13
171 3508 314 3570 loquuntur
324 3509 376 3558 sect
388 3508 482 3558 setara
562 3511 593 3558 18
609 3511 774 3572 popularibus
786 3510 854 3560 codd.
868 3510 923 3559 dett.
935 3527 941 3558 ε
959 3510 1090 3572 popularis
1103 3509 1127 3557 L

124 3574 210 3624 vineta
220 3573 288 3622 codd.
300 3573 354 3624 dett.
369 3592 375 3623 ε
392 3575 509 3624 iunctaL
665 3591 698 3624 20
714 3575 859 3625 miserabile
871 3576 940 3639 vulg.
952 3593 958 3626 ι
976 3575 1091 3624 mirabile
1102 3573 1125 3621 L

124 3653 157 3700 23
173 3640 283 3688 oratoris
291 3638 360 3690 codd.
372 3641 428 3689 dett.
441 3657 448 3689 r
464 3641 586 3690 orationis
598 3639 620 3687 L

159 3729 208 3766 etc.
220 3729 329 3766 onam
1046 3723 1060 3765 9
