2588 4178
571 217 735 276 BRVTVS
1110 214 1151 274 88
1164 237 1212 286 303

153 385 312 446 verborum
334 386 493 462 splendore
514 387 640 463 elegans,
656 382 875 461 compositione
895 394 991 461 aptus,
1012 385 1151 443 facultate

152 482 312 561 copiosus3
332 503 427 560 eaque
438 494 500 543 erat
513 503 583 544 cum
598 502 716 542 summo
730 480 851 559 ingenio
862 492 925 541 turn
940 481 1152 565 exercitationi-

153 582 210 641 bus
226 580 360 641 maximis
375 592 562 641 consecutus.
611 583 688 639 Rem
703 580 958 657 complectebatur
972 579 1151 652 memoriter,

153 678 307 739 dividebat
335 689 429 752 acute,
452 699 509 740 nec
529 677 781 757 praetermittebat
801 680 862 739 iere
885 677 1046 755 quicquam
1068 680 1150 755 quod

124 789 231 846 sesset
254 776 284 836 in
306 796 396 837 causa
417 787 468 836 aut
489 778 529 837 ad
553 777 791 836 confirmandum
812 786 863 836 aut
884 778 923 836 ad
945 777 1149 836 refellendum.

153 876 221 935 Vox
248 894 358 934 canora
384 885 415 933 et
443 873 548 946 suavis,
578 886 676 933 motus
704 884 734 933 et
756 884 856 950 gestus
879 873 968 934 etiam
991 875 1058 950 plus
1080 873 1150 932 artis

152 972 283 1031 habebat
306 991 396 1048 quam
419 981 481 1030 erat
506 969 614 1032 oratori
636 970 714 1030 satis.
769 973 840 1031 Hoc
863 971 951 1047 igitur
974 973 1149 1031 florescente

153 1070 277 1129 Crassus
292 1080 337 1128 est
352 1079 493 1141 mortuus,
510 1071 600 1130 Cotta
618 1071 730 1147 pulsus,
744 1067 855 1129 iudicia
873 1067 1039 1128 intermissa
1057 1070 1145 1141 bello,
1161 1119 1179 1177 8

152 1186 207 1226 nos
236 1165 266 1225 in
289 1168 386 1226 forum
409 1166 553 1226 venimus.
597 1168 668 1234 Erat
691 1165 871 1226 Hortensius
895 1165 925 1225 in
949 1166 1029 1226 bello
1051 1166 1148 1244 primo
1162 1135 1212 1273 3094

107 1288 138 1323 10
151 1283 232 1324 anno
261 1263 355 1337 miles
383 1266 477 1323 altero
506 1263 641 1324 tribunus
673 1263 808 1338 militum,
838 1263 986 1342 Sulpicius
1017 1266 1149 1341 legatus3

150 1362 253 1421 aberat
274 1361 362 1421 etiam
386 1363 430 1420 M.
446 1361 614 1434 Antonius;
634 1340 827 1422 exercebatur
844 1349 904 1421 una
921 1363 985 1438 lege
1004 1361 1148 1421 iudicium

150 1458 249 1533 Varia,
278 1459 383 1520 ceteris
411 1469 531 1537 propter
562 1458 675 1519 bellurn
707 1458 898 1532 intermissis;
933 1459 982 1519 cui
1009 1462 1148 1537 frequens

149 1558 280 1632 aderam,
300 1576 482 1634 quamquam
504 1574 559 1633 pro
579 1575 612 1616 se
632 1554 688 1632 ipsi
709 1555 850 1616 dicebant
871 1567 1001 1617 oratores
1023 1577 1084 1616 non
1105 1555 1149 1615 illi

150 1654 273 1731 quidem
294 1653 451 1733 principes,
474 1656 508 1713 L.
526 1653 689 1714 Memmius
711 1664 740 1714 et
762 1655 799 1729 Q.
821 1653 992 1732 Pompeius,
1011 1656 1065 1715 sed
1087 1674 1148 1716 ora-

105 1772 136 1822 ¹5
150 1761 228 1812 tores
243 1763 343 1813 tamen
355 1763 430 1812 teste
441 1752 552 1812 diserto
563 1751 667 1828 utique
678 1750 828 1828 Philippo,
836 1751 921 1811 cuius
932 1751 963 1811 in
975 1751 1147 1821 testimonio

149 1848 302 1910 contentio
316 1861 346 1910 et
360 1849 420 1909 vim
435 1848 614 1911 accusatoris
629 1850 760 1910 habebat
774 1861 804 1909 et
818 1849 945 1927 copiam.

190 1946 310 2025 Reliqui
325 1947 376 2024 qui
391 1959 455 2007 tum
470 1947 617 2026 principes
632 1948 864 2037 numerabantur
878 1946 908 2006 in
929 1947 1146 2026 magistratibus
1160 1957 1209 2008 305

147 2054 230 2104 erant
250 2044 434 2121 cottidieque
455 2048 515 2104 fere
533 2065 551 2104 a
572 2044 660 2106 nobis
681 2045 711 2105 in
729 2044 920 2106 contionibus
937 2044 1143 2106 audiebantur.

149 2144 220 2202 Erat
247 2142 328 2202 enirn
356 2142 492 2203 tribunus
520 2142 616 2220 plebis
644 2154 707 2203 tum
733 2144 767 2205 C.
792 2143 892 2217 Curio,
916 2162 1099 2221 quamquam
1121 2143 1145 2203 is

102 2264 136 2299 ιο
148 2241 271 2317 quidem
291 2240 405 2313 silebat,
421 2253 454 2301 ut
471 2252 532 2301 erat
551 2243 644 2302 semel
657 2261 676 2302 a
690 2241 831 2302 contione
850 2240 988 2301 universa
1008 2240 1145 2316 relictus,

148 2340 185 2415 Q.
204 2342 345 2400 Metellus
367 2341 454 2402 Celer
475 2359 536 2400 non
551 2332 600 2400 ille
622 2339 744 2417 quidem
766 2350 872 2412 orator,
888 2340 942 2400 sed
963 2351 1064 2400 tamen
1083 2360 1145 2401 non

146 2435 243 2496 infans
253 2458 262 2511 ;
283 2436 385 2497 diserti
404 2448 506 2497 autern
528 2438 565 2512 Q.
582 2436 689 2498 Varius
710 2439 744 2499 C.
761 2436 861 2499 Carbo
876 2437 932 2497 Cn.
949 2435 1143 2514 Pomponius,

145 2534 221 2594 ethi
238 2533 361 2611 quidem
380 2534 557 2600 habitabant
574 2533 606 2594 in
625 2533 724 2595 rostris
734 2557 742 2610 ;
764 2536 799 2597 C.
815 2533 904 2595 etiam
927 2533 1021 2594 Iulius
1040 2534 1144 2595 aedilis

145 2631 255 2691 curulis
269 2631 392 2693 cottidie
413 2634 474 2693 sere
492 2644 644 2693 accuratas
661 2632 817 2693 contiones
836 2632 974 2692 habebat.
1018 2634 1078 2692 Sed
1096 2653 1144 2694 me

102 2759 132 2809 25
146 2728 372 2806 cupidissimum
394 2729 537 2791 audiendi
558 2729 670 2807 primus
692 2731 778 2790 dolor
794 2728 945 2807 percussit,
963 2729 1053 2791 Cotta
1074 2749 1143 2789 curn

145 2838 189 2887 est
204 2830 351 2905 expulsus.
395 2827 541 2905 Reliquos
555 2829 724 2904 frequenter
736 2826 862 2887 audiens
881 2825 1025 2887 acerrimo
1043 2827 1144 2887 studio

144 2926 267 2986 tenebar
290 2925 474 3003 cottidieque
496 2936 526 2986 et
548 2924 680 2986 scribens
705 2935 735 2985 et
755 2927 856 3001 legens
881 2935 910 2984 et
935 2934 1142 2984 commentans

144 3022 277 3084 oratoriis
292 3033 408 3083 tantum
420 3022 679 3084 exercitationibus
694 3032 852 3082 contentus
867 3041 929 3082 non
943 3041 1033 3081 eram.
1077 3023 1142 3081 Iam

142 3132 346 3198 consequente
364 3140 445 3181 anno
460 3121 498 3196 Q.
513 3120 621 3181 Varius
635 3141 689 3181 sua
705 3121 770 3199 lege
788 3122 946 3181 damnatus
961 3131 1143 3195 excesserat;

96 3245 129 3294 30
143 3239 199 3297 ego
226 3230 326 3280 autem
351 3221 383 3279 in
406 3217 476 3279 iuris
498 3217 591 3278 civilis
616 3217 716 3280 studio
744 3218 871 3277 multum
899 3236 1008 3295 operae
1031 3218 1142 3278 dabam
1156 3223 1205 3286 306

178 3390 205 3422 11
226 3375 319 3436 aberat,
333 3375 421 3423 aberat
434 3371 527 3421 maluit
540 3371 620 3429 Wex„
677 3371 709 3421 M.
723 3373 775 3421 secl.
788 3369 888 3420 Ellendt
961 3385 990 3419 ra
1008 3371 1049 3419 cui
1061 3372 1142 3437 vulga

142 3441 184 3501 qui
197 3438 221 3486 L
339 3454 368 3500 13
385 3434 592 3502 quamquamL:
609 3438 763 3500 cumvnlg.:
781 3436 1001 3500 quoqueMadm‘g
1111 3453 1141 3502 15

141 3507 229 3566 utique
246 3504 334 3564 Jatm:
358 3512 466 3567 uterque
487 3504 526 3553 L:
551 3511 654 3552 utentes
672 3509 779 3564 uterque
798 3503 943 3553 Buttmann
1023 3503 1051 3550 in
1069 3507 1141 3552 testi-

142 3571 290 3619 moniosect.
307 3568 422 3619 Weidner
524 3585 556 3631 24
573 3575 704 3619 accuratas
716 3584 765 3618 om.
780 3567 866 3618 BHM
972 3569 1005 3618 28
1022 3570 1141 3620 oratoriis

142 3635 281 3684 Corradus:
297 3636 409 3686 oratoris
419 3634 444 3684 L
527 3641 625 3684 tantum
635 3634 676 3683 L:
693 3642 780 3685 tamen
791 3631 917 3684 Corradus
1063 3649 1097 3696 30
1114 3635 1140 3685 in

139 3698 198 3750 add.
210 3699 305 3750 Mater
