2588 4178
115 241 219 304 44149
439 228 482 289 M.
512 229 640 289 svam
670 227 904 290 mentionis

169 393 233 442 tum
255 383 374 460 puerilis
395 385 499 459 labor;
520 385 603 462 quod
624 384 706 461 apud
727 381 877 444 Lucilium
899 381 972 444 scite
992 381 1120 461 exagitat
1139 381 1171 442 in

169 480 300 541 Albucio
321 482 481 542 Scaevola:

231 598 320 655 quarn
342 578 442 657 lepide
462 577 534 639 lexis
554 589 729 657 compostae
748 590 782 639 ut
803 581 962 639 tesserulae
983 598 1089 639 omnes

229 688 291 735 arte
312 675 484 753 pavimento
503 688 594 754 atque
615 677 794 736 emblemate
815 664 1028 737 vermiculato!

110 790 157 840 150
170 775 251 833 Nolo
275 776 350 834 haec
372 786 433 834 tam
457 773 572 834 minuta
596 773 778 834 constructio
800 785 940 852 appareat
950 796 959 849 3
991 775 1045 834 sed
1070 783 1201 852 tamen5

169 871 252 931 stilus
267 872 442 933 exercitatus
456 871 564 933 efficiet
577 871 663 933 facile
677 873 835 933 formulam
846 871 1058 950 componendi.
1090 873 1171 931 Nam

168 980 202 1029 ut
216 968 247 1028 in
261 970 389 1047 legendo
407 971 512 1030 oculus
531 969 573 1030 sic
592 969 709 1030 animus
728 969 904 1031 indicendo
922 969 1084 1047 prospiciet
1097 968 1171 1046 quid

170 1079 318 1144 sequatur,
347 1087 386 1126 ne
418 1079 616 1127 extremorum
648 1068 807 1128 verborum
842 1087 911 1127 cum
944 1061 1172 1145 insequentibus

170 1164 271 1242 primis
299 1184 461 1224 concursus
488 1176 540 1224 aut
571 1163 686 1225 hiulcas
712 1185 802 1225 voces
829 1164 937 1225 efficiat
963 1175 1015 1224 aut
1041 1183 1170 1242 asperas.

171 1261 316 1338 Quamvis
340 1262 420 1322 enim
445 1281 550 1322 suaves
571 1281 733 1339 gravesque
761 1261 926 1322 sententiae
950 1273 1061 1336 tamen,
1083 1260 1108 1322 si
1131 1261 1173 1320 in·
1189 1288 1220 1324 ιο

170 1359 292 1420 condite
316 1357 420 1437 positis
444 1359 540 1420 verbis
565 1361 733 1432 efferuntur,
758 1361 912 1420 offendent
935 1359 1022 1432 auris
1045 1378 1172 1436 quarum

171 1468 215 1516 est
234 1456 377 1516 iudicium
397 1456 650 1534 superbissimum.
695 1459 787 1532 Quod
806 1457 929 1534 quidem
947 1456 1053 1516 Latina
1071 1455 1174 1533 lingua

171 1554 213 1614 sic
237 1554 382 1627 observat,
409 1575 499 1614 nemo
528 1567 560 1615 ut
584 1566 645 1615 tam
669 1554 796 1615 rusticus
824 1554 861 1615 sit
883 1553 935 1631 qui
958 1554 1069 1614 vocalis
1097 1554 1174 1615 nolit

112 1670 156 1721 151
171 1651 359 1728 coniungere.
399 1654 436 1711 In
452 1672 513 1729 quo
527 1651 649 1730 quidam
664 1652 754 1713 etiam
769 1647 1002 1730 Theop0mpum
1017 1654 1175 1729 reprehen-

171 1751 255 1822 dunt,
267 1750 350 1826 quod
363 1768 413 1808 eas
430 1748 540 1810 litteras
552 1761 636 1810 tanto
647 1769 737 1827 opere
751 1749 865 1827 sugerit,
876 1748 931 1810 etsi
942 1749 1022 1810 idem
1035 1748 1174 1826 magister
1189 1773 1218 1823 15

171 1846 235 1906 eius
257 1849 403 1906 Isocrates
424 1848 533 1907 fecerat
543 1869 551 1920 3
578 1860 608 1907 at
629 1867 690 1907 non
705 1846 907 1925 Thucydides,
924 1867 962 1907 ne
981 1846 1030 1907 ille
1049 1846 1173 1924 quidem

171 1945 253 2005 haud
272 1946 362 2021 paulo
379 1943 474 2004 maior
491 1944 616 2022 scriptor
633 1947 719 2006 Plato
736 1965 791 2006 nec
808 1947 904 2006 solum
925 1943 956 2004 in
975 1944 1018 2004 eis
1032 1944 1176 2005 sermoni-

172 2043 228 2102 bus
246 2042 297 2120 qui
311 2043 438 2123 διάλογοι
452 2042 599 2116 dicuntur,
615 2042 667 2102 ubi
686 2042 775 2103 etiam
796 2045 835 2103 de
854 2041 999 2102 industria
1016 2041 1047 2103 id
1066 2041 1175 2104 facien-

172 2142 244 2201 dum
267 2140 323 2200 suit
344 2141 397 2200 sed
422 2139 454 2200 in
477 2139 613 2218 populari
640 2140 781 2214 oratione,
805 2160 865 2218 qua
888 2159 954 2200 mos
978 2150 1024 2200 est
1044 2139 1173 2199 Athenis

171 2237 286 2297 laudari
299 2237 486 2298 incontione
500 2258 552 2298 eos
572 2237 623 2315 qui
642 2237 701 2298 sint
719 2237 751 2297 in
770 2236 889 2316 proeliis
907 2235 1054 2298 interfecti
1063 2259 1072 2311 ς
1095 2256 1173 2314 quae
1188 2257 1219 2292 20

172 2334 215 2396 sic
231 2336 357 2412 probata
375 2348 427 2409 est,
444 2347 476 2395 ut
497 2356 562 2396 eam
585 2336 755 2413 quotannis,
774 2347 808 2396 ut
828 2335 896 2410 scis,
914 2336 966 2396 illo
987 2335 1036 2396 die
1057 2334 1174 2395 recitari

171 2453 294 2494 necesse
308 2433 353 2493 sit.
397 2436 434 2493 In
449 2453 485 2493 ea
498 2445 543 2493 est
556 2434 659 2496 crebra
672 2434 728 2494 ista
741 2433 889 2494 vocalium
904 2432 1071 2508 concursio,
1083 2453 1174 2510 quam

172 2549 280 2606 magna
294 2550 330 2590 ex
343 2541 426 2606 parte
440 2541 473 2588 ut
485 2529 623 2590 vitiosam
637 2529 712 2608 fugit
727 2532 955 2590 Demosthenes.

114 2591 161 2734 ἑξ
213 2629 273 2687 Sed
288 2626 395 2687 Graeci
413 2625 560 2701 viderint;
581 2627 668 2688 nobis
689 2647 728 2688 ne
749 2627 774 2688 si
794 2628 955 2705 cupiamus.
972 2627 1094 2705 quidem
1116 2627 1175 2687 dis-

172 2726 287 2785 trahere
309 2744 398 2784 voces
422 2723 605 2784 conceditur.
659 2725 799 2785 Indicant
822 2724 972 2785 orationes
999 2724 1067 2784 illae
1091 2724 1173 2802 ipsae
1189 2748 1220 2799 25

173 2821 342 2882 horridulae
357 2820 489 2894 Catonis,
505 2820 639 2881 indicant
657 2841 762 2882 omnes
783 2834 890 2898 poetae
909 2833 1024 2899 praeter
1042 2842 1094 2883 eos
1112 2821 1175 2900 qui,

174 2932 207 2980 ut
221 2940 337 2980 versum
351 2921 489 2992 facerent,
506 2939 595 2997 saepe
609 2919 740 2993 hiabant,
756 2933 789 2980 ut
804 2919 953 2980 Naevius:

255 3037 317 3090 vos
341 3016 392 3095 qui
413 3017 545 3077 accolitis
568 3016 705 3077 Histrum
727 3017 849 3078 fluvium
871 3030 961 3095 atque
981 3017 1111 3095 algidam

174 3127 204 3176 et
217 3114 330 3174 ibidem
344 3136 350 3174 :

256 3232 346 3289 quam
368 3232 532 3290 numquam
554 3212 639 3273 vobis
660 3212 730 3273 Grai
751 3225 841 3290 atque
863 3211 987 3272 barbari.
1189 3237 1222 3286 30

208 3366 307 3427 glexis
323 3365 393 3416 AL:
418 3363 495 3426 λέξεις
511 3365 563 3416 eda
652 3373 799 3428 compostae
816 3367 902 3429 vulg:
926 3364 1108 3432 composit(a)e
1124 3366 1176 3416 AL

176 3434 192 3480 6
210 3431 343 3479 formulam
356 3433 399 3482 A:
417 3432 482 3479 hanc
499 3432 565 3479 viam
579 3431 617 3480 L:
643 3432 749 3480 sormam
767 3447 796 3480 ac
813 3433 880 3480 viam
893 3431 959 3480 Reid
1089 3446 1120 3480 10
1137 3433 1175 3480 in·

177 3495 320 3546 conditisL
448 3512 477 3558 13
494 3497 637 3560 quivulg.:
659 3497 719 3559 quin
731 3496 782 3544 AL
881 3513 996 3559 acquae
1015 3531 1060 3548 ...
1079 3497 1176 3545 sitnon

176 3561 386 3675 {alesacquake
469 3577 501 3608 22
518 3563 640 3612 vocalium
653 3562 804 3613 Manutius:
820 3577 911 3612 vocum
922 3562 974 3610 AL
1051 3577 1083 3624 24
1108 3563 1176 3612 nesi

210 3641 282 3676 :nisi
