2588 4178
357 187 648 248 PARTITIONES
678 185 933 249 ORATORIAE
1106 196 1145 257 25
1157 204 1192 257 9⁰

140 355 240 417 alteris
251 366 391 434 quaestus
399 357 637 417 emolumenturn
649 356 821 433 fructusque
831 352 1013 433 proponitur.
1042 355 1144 432 Atque

141 453 232 515 etiam
256 455 400 532 voluptas,
425 473 503 531 quae
529 452 657 514 maxime
679 465 724 514 est
748 451 868 512 inimica
890 451 989 512 virtuti
1011 450 1145 529 bonique

141 562 278 611 naturam
299 550 441 612 fallaciter
461 550 609 612 imitando
629 552 784 624 adulterat,
807 569 898 627 quam
912 548 1144 609 immanissimus

141 647 269 727 quisque
289 648 431 710 acerrime
450 650 584 727 sequitur
604 668 704 725 neque
720 650 817 708 solum
837 646 969 708 honestis
988 647 1076 707 rebus
1091 648 1144 707 sed

112 745 232 813 setiam
260 745 432 807 necessariis
456 745 622 823 anteponit,
644 745 675 805 in
702 746 868 818 suadendo,
892 764 961 804 cum
989 743 1017 804 ei
1044 741 1145 822 generi

1157 795 1200 854 26

142 842 300 904 hominum
327 842 487 903 consilium
515 845 577 916 deS,
602 862 691 920 saepe
719 863 791 903 sane
823 842 974 902 laudanda
1000 852 1052 902 est
1105 843 1144 901 Et
1158 896 1189 950 9¹

141 940 217 1001 illud
241 939 405 1002 videndum
428 952 473 1001 est
501 951 614 1019 quanto
642 939 736 1018 magis
763 938 900 1000 homines
928 941 1006 1000 mala
1032 938 1147 1017 fugiant

143 1057 235 1115 quam
250 1050 411 1115 sequantur
428 1039 516 1098 bona
560 1040 640 1098 Nam
660 1057 758 1114 neque
777 1038 903 1097 honesta
921 1048 983 1096 tam
1004 1047 1147 1115 expetunt

142 1155 235 1213 quam
256 1135 389 1196 devitant
411 1134 516 1213 turpia.
559 1133 635 1210 Quis
656 1134 736 1194 enim
758 1135 912 1207 honorem,
928 1133 994 1212 quis
1012 1133 1145 1212 gloriam,

99 1263 130 1297 10
143 1232 211 1310 quis
238 1233 368 1304 laudem,
398 1231 465 1310 quis
493 1234 587 1293 ullum
615 1233 708 1292 decus
735 1241 797 1290 tam
825 1250 968 1307 umquam
996 1230 1144 1308 expetivit,

143 1349 235 1407 quam
260 1328 454 1407 ignominiam
479 1328 632 1389 infamiam
656 1326 870 1389 contumeliam
894 1330 1026 1389 dedecus
1050 1327 1148 1405 fugit?

144 1431 281 1506 Quarum
305 1449 403 1490 rerum
424 1431 512 1490 dolor
531 1439 577 1488 est
597 1429 692 1507 gravis
713 1428 795 1489 testis
815 1448 909 1506 genus
930 1427 1087 1488 hominum
1108 1428 1147 1487 ad

144 1528 334 1588 honestatem
356 1539 460 1587 natum
482 1528 562 1586 malo
585 1529 666 1587 cultu
688 1526 845 1604 pravisque
870 1525 1062 1603 opinionibus
1083 1545 1148 1586 esse

145 1636 327 1702 corruptum.
382 1626 451 1700 Qua
471 1645 502 1686 re
526 1624 557 1684 in
580 1626 768 1686 cohortando
789 1637 879 1702 atque
904 1625 1060 1685 suadendo
1084 1645 1150 1701 pro

101 1745 132 1795 ¹⁵
145 1720 277 1800 positum
293 1721 416 1800 quidem
437 1721 526 1782 nobis
539 1721 594 1782 erit
614 1721 696 1794 illud,
713 1734 746 1781 ut
762 1724 925 1783 doceamus
944 1742 1004 1799 qua
1022 1742 1053 1781 re
1067 1721 1149 1782 bona

80 1826 82 1831 '
145 1818 291 1896 consequi
305 1821 444 1896 malaque
458 1818 549 1880 vitare
563 1818 730 1898 possimus,
751 1821 804 1880 sed
823 1820 904 1897 apud
919 1819 1056 1880 homines
1070 1819 1149 1879 bene
1161 1834 1193 1886 92

145 1915 297 1977 institutos
324 1915 486 1994 plurimum
518 1919 558 1978 de
585 1918 674 1977 laude
706 1928 737 1977 et
763 1919 802 1978 de
830 1919 986 1977 honestate
1014 1916 1149 1977 dicemus

146 2013 336 2092 maximeque
357 2034 392 2074 ea
411 2014 552 2074 virtutum
572 2034 681 2092 genera
701 2015 893 2074 tractabimus
917 2034 995 2091 quae
1016 2014 1047 2074 in
1069 2034 1149 2075 com·

147 2111 232 2171 muni
246 2111 404 2171 hominum
419 2111 545 2171 utilitate
560 2112 672 2171 tuenda
685 2114 882 2188 augendaque
895 2124 1055 2172 versantur.
1097 2110 1150 2171 Sin

102 2238 134 2275 20
147 2210 229 2286 apud
250 2207 389 2270 indoctos
410 2208 623 2287 imperitosque
644 2208 787 2281 dicemus,
803 2210 915 2268 fructus
938 2210 1149 2282 emolumenta,

148 2306 315 2382 voluptates
343 2305 561 2384 vitationesque
596 2307 734 2366 dolorum
764 2306 969 2383 proferentum
1002 2307 1151 2366 addantur

147 2401 238 2462 etiam
253 2403 452 2464 contumeliae
472 2414 563 2481 atque
583 2402 772 2480 ignominiae.
816 2404 916 2463 Nemo
935 2414 980 2463 est
994 2402 1074 2463 enim
1089 2415 1150 2463 tam

147 2499 269 2576 agrestis
299 2519 390 2577 quern
422 2521 485 2561 non
512 2499 538 2560 si
564 2500 629 2578 ipsa
660 2502 802 2560 honestas
834 2499 941 2572 minus,
970 2500 1152 2561 contumelia

148 2608 250 2658 tamen
264 2610 294 2659 et
305 2601 437 2660 dedecus
451 2619 632 2677 magnopere
646 2609 772 2659 moveat.
813 2598 923 2673 Quare
938 2596 1012 2674 quid
1024 2599 1064 2658 ad
1075 2596 1151 2657 utili-

103 2716 133 2766 25
149 2705 241 2754 tatem
269 2707 384 2772 spectet
412 2717 448 2757 ex
475 2697 522 2757 his
549 2717 627 2774 quae
654 2696 736 2756 dicta
766 2704 836 2754 sunt
863 2695 1042 2772 reperietur;
1076 2694 1150 2772 quid
1162 2711 1195 2762 93

147 2803 249 2852 autern
263 2793 357 2870 possit
374 2793 458 2867 effici,
474 2793 505 2853 in
527 2813 588 2871 quo
609 2793 698 2853 etiam
720 2812 811 2869 quam
832 2792 917 2851 facile
936 2791 1031 2870 possit
1049 2812 1152 2870 quam-

149 2908 208 2966 que
243 2890 381 2968 expediat
404 2891 505 2970 quaeri
537 2892 621 2963 solet,
650 2889 779 2950 maxime
807 2909 843 2949 ex
873 2888 969 2948 causis
1003 2888 1045 2949 eis
1074 2908 1152 2966 quae

150 3007 301 3065 quamque
329 3008 390 3048 rem
419 2987 548 3048 efficiant
572 2999 618 3048 est
640 2987 814 3047 videndum.
858 2987 1024 3048 Causarum
1051 2998 1152 3046 autem

150 3104 259 3161 genera
276 3096 345 3143 sunt
358 3087 450 3162 plura
494 3087 574 3145 Nam
595 3096 665 3144 sunt
684 3083 759 3144 aliae
780 3103 858 3160 quae
879 3083 961 3159 ipsae
979 3083 1151 3157 conficiunt,

103 3207 138 3257 30
150 3181 227 3241 aliae
246 3201 324 3258 quae
341 3181 402 3242 virn
420 3184 460 3243 ad
475 3182 697 3244 conficiendum
711 3180 842 3258 aliquam
856 3182 1002 3240 adserunt.
1046 3182 1154 3259 Itaque

182 3338 199 3384 8
217 3336 282 3386 Nam
299 3336 343 3388 det.
356 3337 473 3401 sauppe:
491 3338 556 3387 Nam
569 3376 575 3388 .
588 3373 595 3388 .
610 3374 617 3388 .
631 3337 716 3399 turpia
727 3337 780 3385 secl.
795 3335 903 3386 Stroebel
985 3353 1015 3384 xo
1031 3336 1154 3398 expetivit

147 3400 190 3449 P:
213 3411 346 3466 exspectat
364 3402 430 3452 codd.
449 3402 523 3452 deta:
552 3410 658 3464 expetat
678 3401 811 3450 Manutius
926 3415 953 3448 11
979 3400 1044 3463 sugit
1066 3400 1153 3450 codd:

147 3466 228 3527 fugiat
239 3468 306 3531 vulga
438 3483 466 3530 15
484 3484 534 3529 qua
554 3484 582 3516 re
598 3467 635 3517 P:
654 3483 704 3530 qua
720 3468 745 3515 vi
762 3467 843 3529 vulga:
861 3482 910 3529 qua
929 3466 973 3514 vix
990 3465 1058 3514 codd.
1078 3465 1155 3516 deta:

147 3531 192 3594 qui
211 3532 247 3583 ed.
269 3539 336 3646 ΜΡ,
420 3535 453 3582 26
470 3533 553 3596 possit
576 3533 642 3582 effici
665 3548 749 3582 necne
767 3533 850 3594 possit
872 3531 958 3596 vulg:
987 3533 1051 3582 effici
1070 3546 1154 3580 necne

147 3597 230 3658 possit
241 3613 292 3646 om.

168 3691 216 3727 cro
229 3691 337 3728 oraton
1059 3679 1091 3728 15
