2588 4178
558 217 717 280 TOPICA
1108 233 1136 278 11
1148 242 1181 294 50

134 399 229 478 magis
249 401 288 459 ad
309 398 523 460 coniecturales
543 419 657 472 causas,
679 418 757 476 quae
777 410 929 458 versantur
951 398 983 457 in
1007 398 1134 469 iudiciis,

134 500 223 572 valet,
242 517 310 557 curn
330 496 480 575 quaeritur
497 496 571 574 quid
589 508 640 556 aut
657 497 694 556 sit
713 508 765 556 aut
783 496 913 557 evenerit
931 507 983 556 aut
1001 499 1131 557 futurum
1146 564 1179 608 m

134 594 173 655 sit
197 606 248 656 aut
271 594 345 671 quid
370 594 494 656 omnino
515 594 578 654 fieri
603 593 704 673 possit
747 597 794 655 Ac
814 594 873 654 loci
894 594 1016 672 quidem
1040 593 1133 672 ipsius
1147 655 1177 704 5¹

134 694 231 753 forma
250 691 316 752 talis
337 704 390 752 est
434 693 587 753 Admonet
608 703 708 753 autem
733 691 782 773 hic
806 694 898 765 locus,
922 703 954 752 ut
978 704 1135 770 quaeratur

106 789 210 867 squid
237 800 307 850 ante
336 810 407 863 rem,
437 789 510 867 quid
538 809 608 850 cum
637 809 676 862 re,
705 789 779 866 quid
809 799 878 866 post
905 810 967 849 rem
995 789 1133 850 evenerit.

134 889 144 918 ·’
154 886 238 946 Nihil
252 889 311 963 hoc
325 889 364 947 ad
384 886 448 961 ius;
469 889 508 947 ad
528 887 724 960 Ciceronem,'
739 886 894 965 inquiebat
908 889 1012 947 Gallus
1026 888 1134 958 noster,

135 983 159 1044 si
174 983 241 1061 quis
254 986 293 1044 ad
308 1004 376 1044 eum
396 985 469 1061 quid
489 987 547 1044 tale
566 987 727 1058 rettulerat,
742 995 774 1045 ut
788 986 827 1044 de
843 987 924 1045 facto
938 997 1133 1062 quaereretur.

134 1083 184 1140 Tu
203 1093 304 1142 tamen
323 1081 434 1158 patiere
454 1083 567 1142 nullum
583 1102 601 1141 a
615 1102 663 1142 me
681 1081 751 1142 artis
770 1081 922 1142 institutae
936 1085 1036 1142 locum
1055 1101 1136 1158 prae-

134 1177 213 1238 teriri
224 1200 233 1252 ;
257 1196 303 1252 ne,
326 1179 352 1238 si
376 1179 449 1239 nihil
472 1179 529 1239 nisi
553 1181 636 1257 quod
656 1181 696 1240 ad
720 1191 750 1240 te
774 1179 920 1257 pertineat
944 1179 1142 1252 scribendum¹

91 1275 265 1352 reputabis,
286 1275 412 1336 nimium
437 1289 467 1336 te
490 1297 590 1337 amare
611 1276 738 1337 videare.
783 1279 837 1336 Est
861 1275 949 1354 igitur
972 1296 1080 1354 magna
1100 1296 1136 1336 ex

135 1385 219 1450 parte
232 1375 316 1434 locus
335 1373 384 1434 hic
399 1374 543 1434 oratorius
563 1394 625 1434 non
645 1376 737 1434 modo
756 1393 818 1433 non
837 1373 1136 1448 iurisconsultorum,

135 1471 189 1530 sed
203 1490 242 1530 ne
256 1469 503 1549 philosophorum
518 1471 649 1549 quidem.
690 1473 770 1531 Ante
784 1491 846 1530 rem
860 1471 941 1531 enim
956 1482 1136 1548 quaeruntur
1148 1482 1178 1530 5²

135 1587 213 1645 quae
237 1567 307 1628 talia
334 1580 420 1628 sunt:
455 1578 614 1646 apparatus
642 1568 803 1646 conloquia
830 1571 913 1629 locus
941 1568 1134 1629 constitutum

135 1665 305 1725 convivium
316 1687 325 1739 3
359 1686 428 1726 cum
462 1686 493 1726 re
523 1677 641 1726 autem:
676 1668 789 1744 pedum
817 1666 954 1743 crepitus,
985 1663 1135 1746 [strepitus

91 1783 120 1834 1⁵
134 1759 316 1843 hominum]
332 1783 490 1840 corporum
510 1765 634 1824 umbrae
647 1776 677 1824 et
691 1764 716 1823 si
731 1764 804 1840 quid
818 1763 881 1823 eius
901 1762 1003 1837 modi3
1022 1775 1053 1823 at
1067 1776 1135 1842 post

135 1879 216 1919 rem:
237 1861 332 1937 pallor
346 1861 436 1920 rubor
450 1860 597 1934 titubatio,
614 1861 638 1921 si
653 1880 714 1938 qua
731 1860 789 1920 alia
803 1860 886 1938 signa
900 1861 1136 1922 conturbationis

135 1967 165 2016 et
183 1957 395 2032 conscientiae,
414 1970 565 2035 praeterea
583 1957 740 2018 restinctus
759 1957 843 2036 ignis,
861 1959 977 2036 gladius
995 1970 1136 2020 cruentus

134 2064 294 2132 ceteraque
308 2075 385 2132 quae
399 2055 600 2134 suspicionem
615 2055 686 2116 lacti
699 2067 826 2133 possunt
840 2076 968 2117 movere.

178 2152 328 2228 Deinceps
347 2164 392 2212 est
410 2155 494 2213 locus
511 2152 734 2238 dialecticorum
752 2141 887 2232 proprius
901 2174 938 2213 ex
951 2173 1135 2231 consequen·
1146 2171 1178 2220 53

90 2273 124 2311 ao
136 2248 216 2308 tibus
231 2260 260 2309 et
274 2243 521 2310 antecedentibus
536 2261 566 2310 et
580 2249 822 2329 repugnantibus.
866 2253 945 2310 Nam
965 2248 1133 2323 coniuncta,
1174 2270 1176 2275 ·

135 2346 174 2405 de
196 2345 305 2422 quibus
318 2348 420 2423 vpaulo
440 2357 510 2406 ante
535 2346 649 2407 dictum
674 2359 726 2420 est,
749 2368 811 2408 non
836 2367 953 2424 semper
976 2346 1117 2407 eveniunt
1128 2369 1136 2420 ;

134 2442 350 2520 consequentia
367 2455 468 2504 autern
494 2463 619 2526 semper.
663 2447 708 2504 Ea
727 2444 807 2504 enim
828 2444 898 2504 dico
921 2442 1136 2520 consequentia

134 2561 212 2618 quae
226 2561 288 2601 rem
302 2541 469 2601 necessario
480 2528 722 2619 consequuntur3
742 2542 874 2619 itemque
884 2554 914 2602 et
927 2539 1136 2601 antecedentia

133 2651 162 2698 et
177 2638 383 2716 repugnantia·
424 2640 581 2717 Quidquid
600 2638 680 2700 enim
698 2639 832 2717 sequitur
850 2657 1000 2716 quamque
1017 2659 1087 2712 rem,
1104 2639 1135 2699 id

90 2752 122 2803 ²5
134 2731 275 2821 cohaeret
292 2755 361 2796 cum
380 2756 411 2796 re
430 2735 597 2797 necessario
607 2758 615 2811 ;
636 2748 666 2796 et
685 2735 833 2813 quidquid
851 2747 1003 2814 repugnat,
1021 2736 1053 2796 id
1072 2736 1135 2797 eius

135 2832 218 2892 modi
245 2843 290 2892 est
311 2845 344 2893 ut
367 2835 525 2895 cohaerere
549 2855 715 2912 numquam
742 2834 843 2912 possit.
891 2836 969 2896 Cum
991 2835 1136 2913 tripertito
1150 2856 1182 2913 13

133 2928 221 3007 igitur
245 2929 437 2990 distribuatur
457 2934 541 2992 locus
562 2932 620 3012 hic,
642 2931 673 2990 in
694 2932 938 2993 consecutionem
959 2932 1136 2992 antecessio

133 3048 204 3088 nem
219 3027 453 3104 repugnantiam,
470 3028 636 3105 reperiendi
654 3028 821 3107 'argumenti
840 3031 924 3089 locus
941 3029 1067 3106 simplex
1080 3041 1133 3101 est,
1152 3100 1154 3102 ¹

134 3124 280 3186 tractandi
301 3123 413 3202 triplex.
458 3127 537 3184 Nam
557 3125 633 3202 quid¹
649 3121 779 3199 interest,
796 3146 864 3187 cum
886 3128 945 3186 hoc
965 3126 1133 3204 sumpseris,

87 3250 121 3298 30
133 3221 291 3300 pecuniam
306 3233 491 3282 numeratam
510 3222 626 3283 mulieri
640 3224 742 3284 deberi
762 3224 810 3284 cui
825 3224 862 3283 sit
875 3236 1030 3302 argentum
1044 3244 1135 3284 omne

133 3322 271 3398 legatum,
301 3330 401 3380 utrurn
433 3321 492 3380 hoc
525 3321 618 3381 modo
645 3323 809 3382 concludas
841 3333 1069 3399 argumentum:
1104 3321 1135 3382 Si

167 3490 206 3536 14,
227 3490 256 3536 15
280 3476 404 3538 strepitus
426 3476 557 3525 hominum
581 3477 632 3526 secl.
655 3477 793 3537 Fn'edrich:
819 3481 910 3538 ‘neque
930 3479 995 3526 mim
1018 3477 1136 3525 Boethius

133 3539 302 3657 mmm
315 3544 559 3655 malpgffip‘apptpse
579 3540 671 3643 Alojz
698 3549 725 3591 et
748 3551 833 3601 cetera
851 3541 930 3595 dota:
959 3550 1044 3636 cetera
1067 3541 1135 3592 codd.
1155 3586 1157 3590 Α
