2588 4178
144 183 169 245 a
184 209 214 261 ²5
460 189 503 246 M.
533 185 661 246 rvnm
690 182 923 249 crcunours

181 369 315 430 funditus
336 368 585 448 repudiaverunt,
609 388 737 448 quorum
758 388 876 446 semper
899 366 955 427 luit
977 367 1109 444 prudens
1129 365 1187 427 sin·

181 487 343 546 cetumque
357 467 512 542 iudicium,
520 467 594 527 nihil
609 478 642 527 ut
655 477 779 545 possent
792 465 849 526 nisi
863 464 1069 543 incorruptum
1082 464 1186 526 audire

182 572 212 621 et
234 563 362 638 elegans.
406 563 520 622 Eorum
542 560 677 638 religioni
702 579 772 620 cum
795 559 915 620 serviret
940 570 1045 632 orator,
1069 560 1184 617 nullum

137 677 168 728 2⁶
182 659 305 720 verbum
320 658 460 733 insolens,
476 660 592 718 nullum
607 657 748 719 odiosum
762 677 874 735 ponere
893 656 1032 717 audebat
1077 659 1184 734 Itaque

181 755 241 830 hic,
265 776 355 834 quem
380 755 561 834 praestitisse
585 755 714 816 diximus
738 754 851 827 ceteris,
877 753 908 815 in
936 753 987 814 illa
1013 772 1068 832 pro
1091 752 1213 829 Ctesi-5

179 855 294 931 phonte
316 852 450 914 oratione
469 855 558 932 longe
572 852 686 931 optima
700 851 887 912 summissius
903 871 922 911 a
940 850 1045 929 primo,
1062 849 1182 925 deinde,

179 951 253 1010 dum
276 952 314 1010 de
337 950 452 1029 legibus
473 950 614 1028 disputat,
635 949 776 1028 pressius,
797 961 868 1028 post·
886 948 997 1010 sensim
1018 947 1184 1010 incendens

178 1046 301 1122 iudices,
318 1060 350 1108 ut
364 1047 438 1109 vidit
452 1048 594 1123 ardentis,
607 1048 639 1108 in
652 1047 773 1126 reliquis
787 1046 943 1108 exsultavit
951 1045 1103 1107 audacius.
1137 1049 1184 1106 Ac

178 1156 279 1206 tamen
293 1144 325 1205 in
339 1147 399 1206 hoc
413 1146 480 1222 ipso
494 1145 650 1223 diligenter
663 1143 853 1206 examinante
866 1144 1026 1205 verborum
1045 1142 1181 1205 omnium

177 1244 312 1320 pondera
335 1243 525 1322 reprehendit
547 1242 713 1303 Aeschines
737 1243 886 1320 quaedam
908 1251 938 1303 et
960 1240 1088 1320 exagitat
1108 1241 1183 1301 inlu·
1199 1267 1230 1303 ιο

178 1341 314 1418 densque
342 1343 417 1401 dura
431 1340 544 1401 odiosa
565 1339 763 1402 intolerabilia
784 1360 849 1407 esse
874 1339 966 1414 dicit;
996 1339 1181 1418 quinetiam

178 1438 294 1514 quaerit
312 1438 352 1498 ab
373 1437 449 1517 ipso,
464 1458 532 1498 cum
554 1439 677 1516 quidem
698 1459 768 1499 eum
785 1438 906 1498 beluam
927 1439 1065 1515 appellat,
1081 1449 1181 1498 utrum

177 1535 228 1596 illa
250 1536 340 1597 verba
361 1556 400 1596 an
417 1547 555 1614 portenta
575 1536 652 1610 sint3
679 1547 712 1595 ut
734 1535 877 1596 Aeschini
898 1555 937 1596 ne
959 1537 1182 1597 Demosthenes

133 1655 164 1709 ²7
178 1633 302 1711 quidem
326 1633 462 1694 videatur
485 1633 584 1694 Attice
609 1633 715 1694 dicere.
760 1632 859 1695 Facile
881 1644 927 1693 est
948 1631 1029 1693 enim
1054 1634 1179 1694 verbum

176 1729 301 1808 aliquod
324 1732 441 1804 ardens,
463 1741 496 1790 ut
518 1730 560 1790 ita
580 1730 691 1805 dicam,
711 1742 814 1792 notare
837 1729 929 1808 idque
950 1729 1097 1790 restinctis
1118 1729 1224 1803 iam15

175 1827 345 1888 animorum
367 1827 514 1888 incendiis
538 1827 673 1888 inridere.
717 1830 825 1906 Itaque
852 1848 885 1889 se
908 1848 1037 1906 purgans
1065 1827 1180 1889 iocatur

178 1926 417 1985 Demosthenes:
443 1936 531 2002 negat
551 1924 581 1985 in
599 1945 637 1986 eo
655 1925 767 2003 positas
789 1945 854 1986 esse
871 1927 1005 1986 fortunas
1024 1924 1177 2001 Graeciae,

175 2021 285 2082 hocine
312 2042 351 2082 an
379 2022 431 2083 illo
459 2025 551 2083 verbo
578 2043 649 2083 usus
677 2022 723 2096 sit,
753 2022 863 2083 hucine
890 2043 929 2083 an
957 2022 1027 2083 illuc
1055 2044 1179 2084 manum

175 2119 343 2196 porrexerit.
402 2121 544 2195 Quonam
573 2119 660 2198 igitur
687 2122 780 2181 modo
807 2120 959 2191 audiretur
992 2124 1097 2198 Mysus
1127 2133 1180 2182 aut

175 2219 273 2295 Phryx
287 2216 423 2289 Athenis,
439 2238 508 2277 cum
529 2216 618 2278 etiam
637 2220 859 2279 Demosthenes
876 2218 1038 2297 exagitetur
1056 2230 1090 2278 ut
1103 2219 1180 2297 puti-
1195 2243 1227 2276 ro

174 2316 254 2378 dus?
295 2317 374 2377 Cum
394 2335 464 2375 vero
483 2314 624 2375 inclinata
645 2314 831 2393 ululantique
849 2335 924 2376 voce
944 2335 1028 2377 more
1044 2314 1179 2376 Asiatico

174 2432 282 2473 canere
295 2412 451 2491 coepisset,
461 2411 528 2490 quis
540 2433 609 2473 eum
623 2415 711 2473 ferret
725 2424 777 2472 aut
791 2412 890 2490 potius
905 2412 972 2491 quis
986 2433 1049 2474 non
1062 2412 1178 2481 iuberet

174 2510 304 2571 auferri?

215 2611 266 2669 Ad
290 2608 459 2669 Atticorum
487 2608 574 2686 igitur
594 2607 673 2668 auris
701 2620 808 2669 teretes
835 2620 865 2669 et
889 2607 1039 2687 religiosas
1064 2609 1117 2687 qui
1144 2630 1177 2671 se

174 2708 414 2781 accommodant,
430 2705 457 2766 ei
475 2718 545 2794 sunt
563 2705 752 2767 existimandi
769 2706 869 2767 Attice
886 2705 993 2767 dicere.
1038 2709 1176 2784 Quorum
1193 2731 1222 2780 ²5

172 2824 282 2881 genera
305 2805 390 2881 plura
406 2815 493 2877 sunt;
525 2803 557 2879 hi
579 2824 673 2863 unum
694 2805 787 2864 modo
809 2806 897 2882 quale
918 2803 956 2864 sit
978 2803 1174 2883 suspicantur.

173 2904 283 2961 Putant
298 2900 378 2961 enim
394 2900 445 2979 qui
459 2901 579 2962 horride
592 2900 764 2978 inculteque
778 2901 867 2976 dicat,
878 2903 971 2962 modo
982 2901 1014 2963 id
1028 2904 1178 2979 eleganter

172 3002 387 3077 enucleateque
415 2999 513 3072 saciat,
542 3020 612 3059 eum
640 3000 738 3059 solum
767 2999 867 3059 Attice
894 2999 1001 3060 dicere.
1059 3002 1176 3076 Errant,

127 3132 159 3184 ²9
173 3099 256 3175 quod
280 3099 397 3172 solum,
428 3099 511 3175 quod
536 3097 644 3170 Attice,
667 3116 730 3157 non
751 3099 899 3158 falluntur.
943 3100 1073 3158 Istorum
1094 3099 1177 3160 enim

138 2581 161 2640 9

130 2656 162 2705 28

206 3268 234 3301 rr
255 3254 319 3300 dura
332 3253 372 3300 L:
391 3251 445 3300 dira
461 3252 529 3313 vulg.
550 3250 667 3302 ‘Graeco
683 3253 763 3301 verbo
781 3250 878 3312 (μιαρά)
897 3251 989 3300 melius
1005 3253 1177 3313 responderet

171 3318 273 3380 impura
286 3318 326 3365 vel
335 3317 425 3380 putr'da
434 3316 551 3378 ’Sandys
644 3333 673 3365 12
690 3317 804 3380 appellat
816 3315 848 3363 M
858 3317 966 3366 Goeller:
982 3318 1095 3380 appellet
1104 3318 1177 3368 FPO

173 3383 203 3430 18
220 3382 313 3432 hocine
326 3419 331 3431 .
345 3418 351 3431 .
364 3418 370 3431 .
382 3383 416 3430 sit
426 3381 529 3445 Sauppe
538 3398 569 3430 ex
580 3382 649 3445 Aug.
662 3383 690 3430 in
702 3383 778 3431 Cresc.
790 3383 817 3431 ii.
829 3397 851 3444 1,
866 3398 889 3443 a,
903 3382 1023 3431 ambros.
1038 3384 1063 3430 in
1076 3383 1137 3433 Luc.
1150 3386 1175 3435 ii.

171 3463 203 3509 42
286 3449 312 3496 in
334 3448 429 3496 hocin
452 3463 511 3496 eum
532 3445 574 3495 L:
603 3448 652 3497 hoc
675 3464 709 3497 an
727 3448 790 3497 illud
808 3448 915 3497 verbum
934 3447 1029 3498 dixerit
1043 3447 1176 3500 strebaeus

172 3529 204 3574 24
221 3529 298 3563 aures
321 3514 401 3578 vulga:
430 3521 473 3562 aut
493 3513 578 3562 resL
