2588 4178
156 220 179 280 4
198 229 226 266 re
457 205 501 264 M.
531 203 660 263 TVLLI
689 201 924 264 CICERONIS

147 385 175 420 11
191 389 245 430 sua
269 371 417 442 facultate,
433 388 495 429 non
516 367 557 428 rei
578 378 684 428 natura
705 367 874 427 metiuntur.
919 369 987 443 Qua
1003 385 1033 426 re
1047 363 1193 442 quoniam

191 486 254 526 non
270 468 420 526 nullorum
438 485 536 527 sermo
553 465 612 525 iam
630 464 799 539 increbruit,
814 463 922 543 partim
943 484 975 524 se
996 463 1077 542 ipsos
1092 461 1194 523 Attice

191 563 299 637 dicere,
311 562 418 642 partim
429 563 581 624 neminem
596 574 731 624 nostrum
742 562 853 638 dicere,
862 565 971 623 alteros
986 563 1178 639 neglegamus
1189 582 1198 634 ;

191 661 262 722 satis
277 661 358 722 enim
372 661 415 722 eis
430 681 476 722 res
490 660 555 741 ipsa
571 664 741 740 respondet,
757 681 827 722 curn
846 672 898 722 aut
917 680 980 721 non
996 659 1199 721 adhibeantur

190 763 229 821 ad
244 779 348 820 causas
363 772 414 845 aut
427 759 555 821 adhibiti
570 761 779 834 derideantur;
800 779 871 820 nam
885 758 911 820 si
925 757 1097 831 riderentur,
1115 767 1195 818 esset
1213 768 1228 820 5

191 857 223 917 id
247 856 346 936 ipsum
371 857 547 924 Atticorum.
591 860 651 919 Sed
676 857 729 935 qui
753 856 813 918 dici
834 877 853 918 a
877 855 966 917 nobis
986 854 1089 916 Attico
1111 874 1196 915 more

190 957 303 1030 volunt,
320 955 376 1034 ipsi
391 966 492 1016 autem
507 976 539 1016 se
553 976 615 1017 non
630 967 760 1016 oratores
772 976 837 1017 esse
851 956 1035 1033 profitentur,
1048 953 1073 1013 si
1087 963 1197 1014 teretes

190 1053 270 1114 auris
284 1054 397 1114 habent
411 1052 646 1131 intellegensque
660 1052 814 1126 iudicium,
825 1064 978 1130 tamquam
993 1055 1032 1114 ad
1046 1051 1195 1130 picturam

191 1151 379 1229 probandam
407 1151 588 1213 adhibentur
615 1150 705 1212 etiam
733 1150 819 1220 inscii
846 1150 976 1211 faciendi
1003 1170 1073 1211 cum
1096 1149 1219 1227 aliqua.

147 1242 176 1305 rr
192 1248 322 1309 sollertia
346 1248 518 1323 iudicandi;
550 1249 595 1309 sin
628 1260 729 1310 autem
757 1248 990 1327 intellegentiam
1018 1261 1137 1327 ponunt
1165 1247 1197 1306 in
1215 1271 1242 1307 ιο

192 1346 335 1407 audiendi
358 1345 477 1408 fastidio
502 1367 601 1424 neque
625 1367 677 1408 eos
701 1345 863 1424 quicquam
887 1349 1037 1407 excelsum
1064 1345 1200 1424 magnifi-

192 1464 323 1521 cumque
351 1446 489 1517 delectat,
514 1444 616 1504 dicant
644 1464 676 1504 se
704 1443 849 1521 quiddam
877 1443 987 1505 subtile
1011 1455 1041 1505 et
1068 1444 1197 1521 politum

191 1544 278 1616 velle,
302 1545 415 1620 grande
439 1553 639 1620 ornatumque
661 1555 872 1616 contemnere;
901 1542 933 1602 id
957 1563 1028 1603 vero
1056 1543 1196 1604 desinant

193 1639 299 1712 dicere,
317 1639 369 1717 qui
390 1639 537 1701 subtiliter
558 1640 668 1712 dicant,
683 1659 736 1700 eos
757 1643 837 1700 solos
852 1639 952 1701 Attice
973 1639 1082 1716 dicere,
1097 1641 1129 1702 id
1150 1653 1196 1702 est

193 1737 279 1815 quasi
293 1737 371 1799 sicce
386 1750 415 1798 et
433 1737 554 1816 integre.
599 1741 638 1798 Et
658 1740 758 1816 ample
773 1749 802 1799 et
816 1749 920 1799 ornate
938 1751 969 1799 et
982 1739 1104 1818 copiose
1123 1760 1194 1800 cum
1213 1763 1240 1813 15

194 1837 300 1896 eadem
315 1835 482 1914 integritate
496 1834 664 1896 Atticorum
679 1846 731 1896 est
769 1835 874 1911 Quid?
895 1835 1021 1897 dubium
1036 1848 1081 1897 est
1096 1848 1196 1898 utrum

193 1926 360 1988 orationem
383 1939 515 1988 nostram
538 1927 722 1989 tolerabilem
746 1939 862 1988 tanturn
889 1949 929 1988 an
957 1927 1046 1989 etiam
1070 1929 1197 1989 admira-

194 2024 286 2085 bilem
301 2046 366 2086 esse
387 2025 565 2105 cupiamus?
607 2028 679 2086 Non
693 2024 774 2086 enim
794 2025 853 2085 iarn
874 2025 1044 2103 quaerimus
1063 2026 1138 2104 quid
1159 2028 1197 2088 sit

150 2146 158 2180 ι
165 2148 179 2195 3
194 2122 304 2197 Attice,
329 2126 383 2185 sed
405 2123 479 2202 quid
504 2123 541 2184 sit
562 2123 676 2202 optime
699 2124 806 2185 dicere.
852 2127 897 2185 Ex
921 2144 982 2202 quo
1006 2123 1194 2204 intellegitur,

193 2220 337 2299 quoniam
360 2223 542 2282 Graecorum
567 2232 717 2282 oratorum
740 2221 985 2300 praestantissimi
1010 2221 1069 2283 sint
1093 2222 1121 2284 ei
1144 2224 1197 2302 qui
1214 2251 1245 2287 ιο

194 2317 302 2379 suerint
316 2319 453 2391 Athenis,
469 2339 573 2379 eorum
587 2332 688 2380 autem
705 2319 844 2398 princeps
858 2319 944 2381 facile
963 2323 1193 2394 Demosthenes,

194 2418 274 2476 hunc
289 2416 314 2476 si
329 2416 380 2494 qui
400 2415 538 2490 imitetur,
555 2437 625 2477 cum
640 2431 670 2478 et
683 2417 784 2478 Attice
798 2405 948 2479 dictur'um
967 2429 997 2478 et
1016 2418 1137 2496 optime,
1155 2431 1195 2492 ut,

194 2513 337 2592 quoniam
359 2514 451 2575 Attici
472 2514 560 2575 nobis
585 2515 729 2594 propositi
754 2517 883 2576 suntad
908 2515 1096 2588 imitandum,
1119 2517 1198 2578 bene

193 2611 293 2672 dicere
313 2611 345 2671 id
366 2611 404 2672 sit
424 2611 525 2673 Attice
546 2612 653 2673 dicere.

131 2771 133 2774 ,
163 2727 182 2786 5
235 2711 296 2770 Sed
310 2729 379 2770 cum
393 2709 425 2795 iq
439 2730 476 2770 eo
492 2731 616 2788 magnus
634 2731 714 2771 error
727 2723 813 2786 esset,
830 2715 918 2790 quale
937 2723 1014 2773 esset
1029 2712 1060 2773 id
1075 2712 1198 2775 dicendi
1215 2737 1244 2785 ²5

193 2826 295 2884 genuS,
312 2806 414 2885 putavi
432 2807 506 2878 mibi
525 2808 750 2886 suscipiendum
770 2810 903 2871 laborem
923 2810 1025 2871 utilem
1046 2811 1197 2886 studiosis,

152 2917 182 2966 Ι4
195 2903 269 2962 mihi
297 2903 420 2981 quidem
448 2903 505 2982 ipsi
533 2925 595 2964 non
624 2906 833 2967 necessarium.
891 2908 1032 2970 Converti
1057 2909 1138 2969 enim
1164 2931 1200 2971 ex

194 2998 303 3060 Atticis
332 3003 461 3062 duorum
489 3002 802 3080 eloquentissimorum
827 3003 1027 3065 nobilissimas
1049 3005 1201 3068 orationes

196 3098 273 3158 inter
294 3119 386 3176 seque
408 3100 577 3173 contrarias,
601 3101 745 3161 Aeschini
765 3110 795 3161 et
814 3101 1033 3176 Demostheni;
1057 3123 1114 3163 nec
1131 3124 1203 3165 con·

196 3196 269 3256 verti
291 3207 323 3255 ut
343 3196 493 3275 interpres,
511 3198 565 3258 sed
585 3209 617 3258 ut
637 3212 742 3271 orator,
759 3200 914 3260 sententiis
935 3199 1031 3260 isdem
1053 3211 1083 3261 et
1097 3221 1201 3262 earum
1218 3223 1248 3271 30

228 3367 244 3411 3
261 3358 378 3400 nostrum
389 3353 456 3416 vulg.
470 3371 476 3402 :
493 3361 608 3402 vestrum
622 3353 681 3406 GP:
700 3362 846 3404 nostrorum
857 3356 908 3405 cod.
924 3355 972 3407 Vr't.
1080 3372 1094 3418 7
1111 3358 1203 3407 volunt
1258 3346 1260 3350 ⁵

198 3415 259 3464 GP:
277 3418 404 3468 nolunt‘s'
503 3435 532 3481 14
550 3420 576 3469 id
589 3428 628 3469 est
641 3420 726 3471 codd:
743 3423 806 3470 item
818 3422 924 3470 Hedicke
1024 3437 1053 3484 15
1071 3423 1104 3472 Et
1116 3423 1202 3484 ample

195 3481 280 3531 codd:
300 3483 382 3531 Etiam
395 3484 479 3545 ample
491 3484 635 3533 Lambinus
749 3502 833 3548 22-24
849 3495 885 3549 ut,
900 3488 1020 3549 quoniam
1041 3525 1046 3538 .
1063 3523 1070 3537 .
1090 3524 1097 3538 .
1115 3489 1203 3537 dicere

191 3552 249 3610 pact
263 3547 409 3598 Atticorum
431 3556 470 3598 est
488 3551 562 3613 legere
582 3551 673 3599 ntaluit
689 3549 859 3602 Lachmann:
878 3554 966 3616 utique
983 3588 989 3601 .
1007 3587 1014 3603 .
1031 3591 1036 3604 .
1052 3560 1092 3603 est
1110 3555 1204 3606 maluit

195 3611 301 3661 Hedicke
399 3630 431 3677 29
449 3622 475 3664 et
487 3615 545 3666 add.
560 3615 653 3665 Orelli:
669 3632 721 3666 om.
733 3616 800 3668 codd.
