2588 4178
195 209 207 249 1
220 217 235 264 ³
496 195 538 252 M.
561 164 690 252 ruam
712 192 943 255 crcaaoms

221 361 259 420 ab
278 359 329 418 illo
349 381 441 431 meus,
458 361 511 435 sed
530 371 633 420 contra
651 380 768 437 semper
786 362 859 419 alter
872 353 916 419 'ab
934 362 1027 419 altero
1046 359 1166 419 adiutus
1186 371 1215 420 et

192 478 206 524 4
222 457 473 517 communicando
488 468 517 516 et
532 459 684 517 monendo
699 469 728 517 et
742 459 878 517 favendo
922 458 981 517 Sed
996 457 1138 534 quoniam
1154 477 1217 534 per-

222 567 311 632 petua
330 557 459 633 quadam
479 555 618 615 felicitate
635 575 706 615 usus
721 555 770 616 illc
789 540 914 615 excessit
934 576 951 616 e
971 556 1030 615 vita
1049 575 1104 614 suo
1123 555 1216 632 magis

222 672 311 729 quam
332 673 453 712 suorum
476 640 584 712 civium
606 664 739 730 ternpore
760 665 790 713 et
809 666 871 712 tum
894 653 1004 713 occidit
1026 674 1095 712 cum
1116 656 1217 730 lugere

221 749 334 809 facilius
349 770 410 810 rem
430 750 580 827 publicam
600 762 708 827 posset,
725 750 749 809 si
767 751 885 822 viveret,
902 770 992 827 quam
1011 750 1119 823 iuvare,
1135 750 1244 809 vixit-5

222 868 280 924 que
294 859 355 908 tam
374 847 425 907 diu
444 868 533 925 quam
553 847 635 908 licuit
653 848 684 907 in
703 848 821 908 civitate
843 848 920 908 bene
941 849 1088 926 beateque
1102 849 1217 909 vivere:

223 957 323 1004 nostro
338 945 531 1005 incommodo
546 945 792 1023 detrimentoque,
809 945 833 1004 si
851 957 895 1005 est
914 945 955 1005 ita
973 966 1103 1018 necesse,
1120 948 1218 1006 dolea-

223 1063 296 1114 mus,
313 1042 389 1102 illius
407 1064 476 1103 vero
496 1044 598 1104 mortis
620 1043 872 1122 opportunitatem
892 1044 1101 1104 benevolentia
1117 1044 1217 1121 potius

223 1161 312 1218 quam
340 1141 542 1201 misericordia
568 1161 793 1218 prosequamur,
817 1153 857 1213 ut,
882 1141 1151 1218 quotienscumque
1179 1143 1218 1201 de

223 1238 384 1297 clarissimo
399 1250 428 1324 et
447 1238 619 1320 beatissimo
634 1239 696 1298 viro
715 1238 888 1316 cogitemus,
904 1237 988 1297 illum
1008 1238 1106 1315 potius
1126 1259 1216 1317 quam
1234 1261 1265 1295 10

193 1351 206 1399 ⁵
223 1349 340 1397 nosmet
354 1337 434 1415 ipsos
452 1337 573 1415 diligere
587 1338 748 1398 videamur.
792 1339 871 1396 Nam
888 1337 912 1395 si
927 1336 958 1396 id
973 1338 1118 1410 dolemuS,
1135 1340 1218 1415 quod

223 1454 259 1493 eo
280 1434 338 1492 iarn
360 1435 416 1494 frui
437 1435 523 1495 nobis
545 1435 704 1509 nonlicet,
727 1447 861 1495 nostrum
883 1434 979 1495 estid
1002 1437 1113 1494 malum
1136 1439 1219 1514 quod

223 1531 341 1591 modice
361 1533 497 1605 feramus
518 1553 557 1592 ne
576 1532 608 1592 id
626 1553 688 1591 non
707 1534 746 1592 ad
765 1533 925 1600 amicitiam
947 1535 1001 1592 sed
1019 1535 1058 1592 ad
1079 1534 1218 1593 domesti-

223 1649 289 1688 cam
304 1628 460 1688 utilitatem
475 1632 580 1689 referre
594 1629 765 1704 videamur3
786 1629 832 1688 sin
846 1641 999 1706 tamquam
1014 1629 1055 1689 illi
1070 1629 1126 1706 ipsi
1140 1651 1218 1690 acer-

224 1725 323 1785 bitatis
344 1725 456 1803 aliquid
477 1727 617 1786 acciderit
637 1727 780 1804 angimur,
797 1747 944 1785 summam
962 1726 1025 1786 eius
1046 1726 1217 1786 felicitatem
1235 1741 1264 1790 ¹5

193 1887 211 1928 2
225 1843 286 1882 non
301 1823 370 1883 satis
384 1835 466 1901 grato
480 1824 581 1884 animo
595 1825 827 1901 interpretamur.

195 1961 209 2008 6
267 1921 387 1981 Etenim
415 1921 439 1980 si
461 1921 571 1981 viveret
595 1923 632 1997 Q.
656 1922 844 1993 Hortensius,
871 1934 968 1982 cetera
992 1925 1115 1982 fortasse
1143 1921 1219 1982 desi-

225 2022 338 2079 deraret
362 2040 422 2078 una
446 2040 514 2078 curn
538 2019 657 2096 reliquis
681 2019 768 2084 bonis
793 2031 822 2079 et
846 2020 971 2080 fortibus
993 2020 1115 2092 civibuS,
1139 2023 1219 2080 hunc

223 2128 322 2176 autem
343 2126 397 2175 aut
419 2129 533 2193 praeter
549 2128 663 2176 ceteros
683 2128 734 2175 aut
752 2137 821 2176 cum
841 2117 942 2193 paucis
960 2118 1117 2176 sustineret
1137 2119 1219 2176 dolo·

223 2234 293 2285 rem,
305 2234 373 2273 cum
384 2216 481 2272 sorum
495 2213 598 2290 populi
614 2213 752 2284 Romani,
763 2214 845 2290 quod
860 2210 962 2274 fuisSet
972 2215 1057 2292 quasi
1069 2217 1217 2274 theatrum
1234 2231 1265 2264 20

224 2311 300 2370 illius
322 2311 430 2388 ingeni,
452 2332 527 2371 voce
547 2311 663 2372 erudita
683 2323 712 2371 et
732 2311 877 2371 Romanis
896 2312 1078 2388 Graecisque
1099 2312 1218 2371 auribus

196 2410 314 2486 tdigna
339 2409 497 2487 spoliatum
522 2420 612 2486 atque
633 2408 770 2468 orbatum
791 2408 911 2468 videret.
953 2408 1107 2486 Equidem
1128 2429 1220 2486 angor

224 2507 325 2566 animo
344 2527 406 2566 non
420 2505 533 2578 consili,
550 2526 611 2564 non
628 2505 736 2583 ingeni,
753 2526 814 2564 non
831 2505 1012 2566 auctoritatis
1026 2507 1115 2565 arrnis
1135 2527 1220 2584 egere

225 2625 286 2664 rem
302 2604 460 2683 publicam,
471 2624 548 2680 quae
564 2603 725 2663 didiceram
742 2615 864 2663 tractare
876 2603 1046 2680 quibusque
1061 2624 1109 2663 me
1123 2625 1221 2664 assue-

224 2704 351 2762 feceram
361 2721 498 2779 quaeque
509 2713 592 2761 erant
606 2701 724 2778 propria
735 2721 804 2760 cum
819 2700 994 2778 praestantis
1009 2701 1040 2759 in
1054 2722 1085 2761 re
1100 2702 1221 2778 publica
1237 2724 1248 2756 2
1252 2724 1265 2771 5

225 2799 277 2857 viri
292 2811 355 2858 tum
371 2799 448 2859 bene
469 2811 598 2858 moratae
612 2810 642 2858 et
657 2798 734 2857 bene
753 2797 932 2857 constitutae
950 2797 1083 2857 civitatis.
1128 2797 1220 2873 Quod

211 2896 248 2955 -si
270 2896 325 2955 fuit
345 2896 376 2955 in
397 2917 427 2956 re
448 2895 568 2974 publica
591 2907 708 2973 tempus
731 2897 833 2967 ullum,
854 2915 923 2954 curn
945 2905 1119 2970 extorquere
1140 2915 1222 2954 arma

226 3005 359 3071 possete
377 2993 514 3053 manibus
535 2994 675 3053 iratorum
697 2991 806 3052 civium
828 2992 900 3052 boni
921 2991 992 3050 civis
1014 2991 1171 3050 auctoritas
1193 3003 1222 3052 et

226 3090 327 3162 orati0‚
348 3102 411 3149 tum
432 3093 565 3167 prolecto
584 3091 639 3148 fuit
659 3110 729 3149 cum
750 3088 946 3166 patrocinium
966 3087 1048 3164 pacis
1070 3090 1222 3148 exclusum

198 3197 272 3248 test
295 3200 346 3247 aut
372 3208 468 3252 errore
493 3187 650 3247 hominum
674 3197 725 3246 aut
749 3187 863 3247 timore.
907 3189 954 3245 Ita
978 3186 1127 3246 nobismet
1152 3187 1222 3265 ipsis
1238 3211 1269 3258 30

261 3359 276 3403 3
293 3343 404 3390 excessit
415 3342 498 3390 Bake:
516 3341 625 3389 cessltL
728 3357 755 3402 15
773 3343 890 3402 angimur
898 3340 964 3403 vulg.
977 3357 983 3388 ε
1001 3341 1103 3400 angitur
1116 3340 1224 3388 O²B¹H¹

231 3410 267 3467 18,
280 3423 309 3467 19
327 3409 393 3454 liunc
405 3415 489 3455 autem
502 3407 661 3455 autPr'den't:
676 3408 741 3454 hunc
753 3416 838 3454 autem
847 3405 902 3454 etL
914 3424 920 3454 :
937 3408 1055 3453 huncaut
1065 3404 1224 3454 Lambinus:

228 3477 391 3522 huncautem
402 3472 500 3520 Ellendt
564 3488 593 3532 24
613 3473 736 3521 didicerat
748 3473 790 3519 ille
802 3482 832 3520 tr.
846 3472 937 3517 ‚naluit
948 3470 1067 3518 dlr'edrr'clt
1133 3487 1166 3532 30
1180 3482 1224 3520 aut

227 3554 313 3588 errore
324 3540 389 3602 vrrlg.
402 3555 408 3586 ι
424 3546 468 3586 aut
480 3547 578 3587 terrore
590 3537 612 3584 L
679 3538 741 3598 ipsis
754 3553 803 3586 om.
816 3534 902 3584 BHM
