2588 4178
560 217 738 279 ORATOR
1103 216 1145 277 68
1159 225 1208 273 228

143 379 279 441 videmus
300 381 374 441 nihil
391 402 447 443 nec
467 381 591 444 vitando
611 385 707 445 facere
728 396 815 444 caute
835 404 892 445 nec
913 384 1044 462 petendo
1062 384 1149 443 vehe-

144 490 267 553 menter,
283 478 390 557 inquo
408 500 470 540 non
490 492 589 542 motus
603 480 653 541 hic
672 481 781 542 habeat
795 483 971 560 palaestram
986 481 1146 558 quandam,

143 587 177 636 ut
197 576 341 654 quicquid
362 577 393 637 in
413 577 460 638 his
481 578 570 639 rebus
591 580 642 639 fiat
663 578 772 640 utiliter
791 581 831 640 ad
851 598 983 658 pugnam
1005 577 1086 639 idem
1108 579 1148 637 ad

143 686 298 753 aspectum
313 675 403 735 etiam
418 675 457 736 sit
469 687 637 750 venustum,
653 676 696 736 sic
715 688 884 738 oratornec
898 679 1015 755 plagam
1029 695 1147 753 gravem

114 789 129 838 5
143 771 222 844 facit,
238 771 295 832 nisi
309 772 413 851 petitio
428 773 483 833 suit
497 784 574 851 apta,
590 793 647 834 nec
661 774 732 835 satis
750 786 829 836 tecte
848 773 978 835 declinat
992 772 1146 851 impetum,

142 868 200 930 nisi
214 869 304 930 etiam
318 869 350 929 in
363 872 501 931 cedendo
516 870 589 948 quid
608 873 714 932 deceat
732 871 884 950 intellegit
927 874 1034 949 Itaque
1052 870 1148 948 qualis
1162 896 1211 951 ²²⁹

142 986 248 1028 eorum
262 979 361 1028 motus
379 987 455 1045 quos
475 970 685 1047 ἀπαλαίστρους
701 968 808 1030 Graeci
821 979 938 1042 vocant,
953 967 1019 1028 talis
1040 968 1147 1028 horum

143 1063 218 1124 mihi
241 1063 358 1125 videtur
377 1064 472 1126 oratio
494 1064 546 1143 qui
567 1087 630 1126 non
648 1069 794 1128 claudunt
818 1066 948 1127 numeris
976 1065 1146 1139 sententias,

143 1172 320 1240 tantumque
347 1162 434 1223 abest
459 1165 617 1242 ut-quod
645 1163 673 1224 ei
700 1163 753 1242 qui
779 1165 839 1225 hoc
861 1175 919 1224 aut·
938 1163 1147 1241 magistrorum

99 1286 129 1322 10
142 1258 245 1338 inopia
264 1272 316 1320 aut
332 1258 434 1338 ingeni
454 1260 592 1322 tarditate
609 1272 662 1321 aut
680 1261 789 1323 laboris
809 1263 878 1339 fuga
896 1280 959 1321 non
978 1272 1047 1320 sunt
1065 1263 1148 1322 adse-

143 1355 204 1416 cuti
218 1358 315 1416 solent
329 1356 626 1419 dicere-enervetur
639 1358 734 1419 oratio
747 1357 966 1437 compositione
979 1359 1147 1432 verborum,

143 1465 176 1514 ut
193 1452 278 1514 aliter
294 1452 325 1533 in
345 1474 382 1515 ea
402 1475 458 1516 nec
476 1454 606 1535 impetus
623 1459 700 1517 ullus
721 1477 778 1518 nec
796 1456 840 1517 vis
856 1476 922 1517 esse
942 1455 1045 1534 possit.
1088 1457 1148 1517 Sed
1161 1442 1206 1531 69'

142 1571 282 1630 magnam
309 1552 550 1614 exercitationem
577 1574 623 1615 res
650 1553 772 1632 flagitat,
798 1575 837 1615 ne
864 1545 950 1637 quid*
964 1573 1069 1614 eorum
1096 1552 1149 1632 qui

141 1669 236 1726 genus
259 1651 318 1710 hoc
340 1650 434 1712 secuti
456 1672 518 1713 non
546 1663 705 1731 tenuerunt
732 1651 828 1714 simile
855 1651 1007 1725 faciamus,
1031 1672 1070 1713 ne
1096 1663 1149 1713 aut

100 1773 130 1822 ¹5
141 1748 233 1809 verba
246 1747 416 1809 traiciamus
429 1760 538 1827 aperte,
554 1770 616 1827 quo
637 1749 743 1811 melius
763 1761 814 1811 aut
835 1752 923 1811 cadat
943 1762 995 1810 aut
1014 1753 1149 1810 volvatur

113 1840 115 1842 ’
143 1845 257 1920 oratio;
286 1848 369 1924 quod
391 1866 424 1907 se
446 1849 479 1906 L.
505 1847 625 1909 Caelius
652 1847 810 1926 Antipater
836 1848 868 1908 in
895 1847 1050 1926 prooemio
1078 1848 1148 1909 belli
1162 1877 1210 1928 230

143 1942 250 2004 Punici
264 1943 321 2004 nisi
335 1944 503 2006 necessario
521 1947 667 2006 facturum
686 1957 783 2023 negat.
826 1946 963 2008 Ovirum
981 1945 1147 2024 simplicem

143 2040 196 2120 qui
217 2061 274 2102 nos
298 2041 373 2102 nihil
397 2044 482 2117 celet,
504 2043 669 2120 sapientem
691 2043 743 2121 qui
767 2043 956 2105 serviendum
978 2043 1148 2105 necessitati

78 2180 79 2183 η
143 2143 246 2218 ρυῑεῐἸ
288 2142 348 2202 Sed
369 2139 419 2200 hic
440 2140 564 2201 omnino
585 2140 685 2216 rudis3
706 2141 794 2202 nobis
809 2152 914 2215 autem
936 2141 967 2202 in
988 2140 1148 2203 scribendo

99 2265 131 2301 πο
142 2239 234 2315 atque
247 2236 279 2297 in
293 2237 425 2299 dicendo
441 2237 625 2299 necessitatis
643 2239 795 2300 excusatio
813 2259 875 2300 non
891 2240 1053 2316 probatur3
1073 2239 1148 2300 nihil

143 2347 189 2396 est
209 2335 290 2396 enim
311 2356 435 2397 necesse
455 2347 496 2412 et,
514 2335 538 2397 si
559 2336 634 2416 quid
647 2349 741 2411 esset,
762 2337 794 2398 id
814 2353 937 2401 necesse
960 2348 1061 2399 tamen
1085 2357 1148 2398 non

142 2445 204 2494 erat
218 2424 361 2495 confiteri.
405 2437 444 2495 Et
457 2434 507 2495 hic
521 2434 653 2513 quidem,
669 2435 721 2514 qui
738 2438 816 2497 hanc
833 2455 852 2496 a
871 2435 984 2511 Laelio,
997 2438 1037 2497 ad
1056 2456 1147 2514 quem

142 2531 268 2611 scripsit,
281 2531 331 2593 cui
344 2551 378 2592 se
393 2544 506 2611 purgat,
521 2532 640 2595 veniam
660 2533 743 2613 petit,
759 2546 789 2596 et
807 2533 898 2594 utitur
918 2553 955 2594 ea
968 2533 1148 2596 >traiectione

140 2629 299 2690 verborum
320 2640 350 2690 et
371 2628 465 2690 nihilo
486 2640 588 2691 tamen
607 2631 706 2711 aptius
728 2633 827 2710 explet
850 2630 1067 2710 concluditque·
1084 2651 1148 2698 sen-

98 2749 128 2800 ²5
141 2726 257 2788 tentias.
300 2730 393 2806 Apud
415 2728 489 2789 alios
516 2740 617 2790 autem
642 2740 673 2790 et
696 2729 845 2790 Asiaticos
869 2728 998 2790 maxime
1021 2750 1147 2791 numero

141 2825 302 2887 servientes
329 2825 479 2888 inculcata
499 2827 627 2906 reperias
651 2826 752 2889 inania
773 2829 923 2906 quaedam
944 2828 1035 2889 verba
1062 2829 1147 2906 quasi

141 2926 363 3002 complementa
376 2945 576 2987 numerorum.
620 2927 696 2987 Sunt
716 2925 806 2987 etiam
827 2924 879 3004 qui
899 2924 951 2986 illo
961 2924 1047 3000 vitio,
1064 2929 1146 3004 quod
1167 2966 1169 2971 ι

141 3022 180 3082 ab
212 3021 345 3100 Hegesia
379 3022 509 3084 maxime
541 3023 633 3099 fluxit,
662 3023 857 3102 infringendis
877 3023 1147 3101 concidendisque

141 3119 273 3180 numeris
287 3120 317 3179 in
329 3122 488 3198 ¹quoddam
501 3142 596 3199 genus
615 3120 765 3183 abiectum
779 3121 919 3182 incidant
934 3121 1147 3184 versiculorum

97 3243 128 3291 30
141 3217 347 3298 simillimum..
377 3217 512 3280 Tertium
526 3231 578 3295 est,
594 3219 626 3279 in
645 3239 707 3298 quo
721 3222 840 3293 suerunt
860 3222 962 3281 fratres
983 3219 1025 3307 illi
1041 3219 1148 3280 Asiati·
1162 3237 1208 3286 231

174 3390 190 3436 4
206 3373 375 3486 oratrtrrssake
381 3391 397 3489 ὲ
407 3375 489 3424 oratio
502 3374 525 3423 L
598 3391 614 3437 5
608 3382 699 3488 Mtecte
709 3373 762 3454 edd.
774 3380 848 3488 υιίἰὶε
865 3376 926 3425 tecti
938 3373 961 3422 L
973 3393 980 3454 Ξ
992 3377 1145 3490 ignifici&

139 3439 281 3565 iiixl-‘Qum'
296 3441 477 3566 ¹i431ieiutL
489 3523 496 3557 ε
512 3447 758 3556 ammaonte.
776 3457 846 3556 neffl
864 3507 930 3556 celet
941 3458 1008 3572 viellg.
1021 3525 1028 3557 ι
1045 3448 1147 3556 {emti

139 3587 221 3633 2243
238 3572 270 3620 ad
283 3586 359 3634 quem
370 3572 473 3634 scripsit
484 3573 535 3624 secl.
549 3572 644 3624 setara
792 3587 826 3639 23
842 3573 882 3621 cui
894 3588 930 3638 se
940 3581 1033 3636 purgat
1044 3570 1148 3621 Heerde-

135 3637 210 3701 gem'o
226 3637 372 3701 interpolata
388 3636 505 3687 m‘denrur
594 3653 627 3702 ²9
643 3638 824 3688 versiculorum
832 3637 906 3698 Jahn
918 3657 925 3690 ε
941 3637 1079 3689 siculorum
1091 3636 1114 3685 L
