2588 4178
557 200 736 262 ORATOR
1103 203 1148 263 66
1163 224 1211 274 ²23

142 358 301 435 pugnant?
321 377 374 417 cur
394 357 433 416 de
453 356 582 435 perfugis
600 355 709 418 nostris
730 355 832 435 copias
851 368 1026 436 comparant
1044 369 1151 418 contra

143 457 223 514 nos?
265 453 364 514 Prima
388 466 457 515 sunt
480 454 530 516 illa
550 457 621 528 duo,
645 475 722 532 quae
744 458 876 533 «oppam
902 455 1008 516 Graeci
1030 467 1147 528 vocant,

142 571 201 613 nos
228 551 322 612 incisa
343 551 470 612 dicimus
482 574 490 626 ;
520 551 631 612 deinde
653 552 771 613 tertium
795 559 886 614 κῶλον
907 552 957 627 illi,
979 573 1035 613 nos
1058 573 1150 613 mem-

142 651 252 725 hrum,
282 650 415 727 sequitur
439 670 501 709 non
526 652 691 728 longa—ex
715 651 834 711 duobus
855 650 936 712 enim
957 650 1099 724 versibus
1117 650 1149 712 id

115 760 188 816 sest
216 749 366 821 membris,
389 751 520 827 perfecta
544 749 773 827 comprehensio
786 790 788 794 ι
801 760 854 809 est.
873 761 903 810 et
933 748 965 808 in
997 750 1149 826 spondeos

142 847 224 907 cadit
236 869 244 921 ;
275 858 305 907 et
333 848 457 909 Crassus
481 845 604 924 quidem
633 846 675 906 sic
700 848 876 924 plerumque
903 846 1031 919 dicebat,
1057 845 1152 923 idque

142 944 207 1023 ipse
227 965 321 1023 genus
342 944 462 1005 dicendi
484 944 612 1004 maxime
633 945 737 1022 probo.
771 945 841 1006 Sed
862 963 939 1021 quae
960 943 1077 1003 incisim
1098 953 1150 1003 aut
1162 941 1203 1015 67

143 1042 332 1104 membratim
354 1044 522 1116 efferuntur,
545 1062 581 1102 ea
600 1044 648 1102 vel
671 1041 824 1119 aptissime
846 1043 953 1102 cadere
975 1042 1096 1114 debent,
1117 1052 1150 1101 ut

142 1152 188 1200 est
209 1142 291 1217 apud
314 1159 380 1200 me:
411 1142 529 1200 Domus
550 1138 604 1199 tibi
625 1141 750 1199 deerat?
778 1150 809 1198 at
833 1138 975 1198 habebas.
1019 1137 1151 1198 Pecunia

101 1260 129 1297 ro
142 1239 323 1316 superabat?
351 1247 382 1296 at
410 1238 518 1315 egebas
528 1258 537 1310 ;
568 1238 642 1297 haec
665 1236 758 1296 incise
785 1235 866 1296 dicta
893 1248 962 1295 sunt
989 1246 1131 1313 quattuor
1141 1257 1151 1310 3
1165 1266 1211 1315 ²²4

141 1346 172 1395 at
197 1334 386 1395 membratim
411 1353 489 1412 quae
513 1344 678 1411 sequuntur
698 1336 779 1394 duo:
809 1331 963 1393 Incurristi
986 1352 1091 1392 amens
1119 1331 1150 1391 in

142 1435 306 1505 columnas,
322 1431 353 1491 in
367 1431 481 1492 alienos
494 1431 617 1491 insanus
631 1430 774 1491 insanisti.
818 1429 938 1491 Deinde
957 1428 1060 1489 omnia
1078 1440 1150 1490 tam-

142 1550 234 1607 quam
268 1529 420 1607 crepidine
454 1530 585 1607 quadam
620 1527 888 1606 comprehensione
922 1527 1055 1605 longiore
1089 1547 1152 1587 sus-

142 1627 293 1688 tinentur:
329 1630 518 1705 Depressam,
554 1646 685 1701 caecam,
715 1625 863 1686 iacentem
897 1626 1023 1686 domum
1058 1624 1150 1702 pluris

100 1745 234 1804 15quam
262 1736 292 1786 te
320 1735 350 1785 et
384 1744 475 1802 quam
509 1726 643 1785 fortunas
670 1734 736 1784 tuas
768 1721 939 1784 aestimasti.
997 1722 1153 1783 Dichoreo·

142 1822 251 1883 finitur.
295 1825 335 1882 At
350 1821 492 1901 spondeis
511 1821 679 1900 proximum
697 1821 779 1881 illud.
816 1822 903 1887 ¹Nam
922 1819 954 1879 in
968 1819 1023 1893 his,
1039 1819 1149 1897 quibus

142 1932 175 1981 ut
197 1919 385 1998 pugiunculis
413 1918 457 1980 uti
485 1929 609 1997 oportet,
635 1918 761 1979 brevitas
790 1917 880 1986 faciet
905 1916 970 1995 ipsa
997 1916 1150 1978 liberiores

142 2020 236 2097 pedes
246 2041 255 2093 ;
275 2038 365 2096 saepe
384 2016 465 2079 enim
484 2016 607 2095 singulis
628 2020 774 2078 utendum
797 2028 850 2089 est,
866 2017 1042 2094 plerumque
1061 2014 1158 2088 binis,

143 2128 173 2177 et
187 2116 320 2193 utrisque
338 2115 411 2176 addi
427 2115 513 2193 pedis
533 2135 601 2192 pars
621 2126 728 2192 potest,
744 2132 807 2174 non
825 2116 886 2174 sere
907 2111 998 2174 ternis
1011 2111 1147 2190 amplius.

99 2237 131 2272 ιο
144 2213 268 2273 Incisim
282 2225 382 2274 autem
392 2214 393 2218 ’
402 2223 432 2273 et
453 2212 641 2272 membratim
659 2214 783 2272 tractata
793 2209 900 2270 oratio
916 2209 947 2269 in
962 2209 1038 2270 veris
1052 2209 1149 2270 causis
1164 2230 1212 2283 ¹²⁵

142 2312 304 2390 plurimum
325 2312 410 2384 valet,
432 2310 620 2386 maximeque
640 2309 682 2370 eis
704 2308 785 2382 lociS,
806 2328 875 2368 cum
896 2317 947 2368 aut
971 2326 1075 2384 arguas
1097 2318 1151 2367 aut

141 2411 266 2483 refellas,
282 2420 315 2469 ut
328 2429 384 2469 nos
398 2408 429 2468 in
445 2407 631 2482 Corneliana
638 2408 788 2468 secunda:
810 2407 838 2467 O
858 2405 982 2466 callidos
1001 2404 1147 2479 homines,

142 2526 162 2567 o
195 2527 258 2567 rem
285 2506 491 2585 excogitatam,
520 2504 690 2584 o-ingenia
717 2505 898 2564 metuenda!
955 2502 1149 2563 Membratim

142 2605 262 2679 adhuc3
283 2603 394 2665 deinde
414 2604 543 2664 caesim:
565 2603 711 2676 Diximus,
726 2621 836 2662 rursus<
848 2600 1057 2662 membratim:
1078 2603 1151 2662 Tes·
1197 2627 1198 2630 ¹

99 2719 130 2768 25
143 2701 181 2761 tis
209 2703 280 2762 dare
307 2705 453 2762 volumus.
498 2704 638 2762 Extrema
665 2698 809 2778 sequitur¹
829 2698 1068 2776 comprehensio,
1096 2701 1149 2760 sed

143 2819 179 2860 ex
200 2800 319 2861 duobus
340 2798 490 2872 membris,
507 2819 566 2876 qua
584 2819 646 2858 non
667 2808 766 2876 potest
786 2816 851 2857 esse
872 2795 1006 2857 brevior:
1038 2799 1148 2874 Quem,

142 2916 264 2974 quaese,
280 2908 412 2957 nostrum
436 2896 539 2957 fefellit
559 2896 600 2956 ita
620 2916 673 2956 vos
694 2915 759 2956 esse
775 2897 934 2955 tacturos?
973 2896 1039 2954 Nec
1054 2896 1148 2955 ullum
1162 2906 1211 2956 πό

142 3015 236 3072 genus
264 3005 309 3055 est
333 2993 454 3054 dicendi
476 3005 527 3054 aut
552 2993 657 3054 melius
679 3005 730 3054 aut
753 2992 857 3055 fortius
882 3010 972 3071 quam
997 2991 1076 3052 binis
1097 3002 1149 3051 aut

178 3167 189 3198 1
209 3151 325 3213 perfugis
345 3149 430 3211 Quint.
451 3153 475 3196 et
491 3148 619 3210 Rufinus:
643 3144 807 3209 perfugiisL
882 3152 1033 3207 comparant
1051 3143 1074 3192 L
1094 3145 1150 3194 Ru-

137 3217 228 3280 finus:
252 3222 384 3277 comparat
403 3215 425 3262 is
444 3215 483 3263 vet
499 3214 653 3275 comparatis
675 3213 760 3275 Quint.
783 3209 851 3260 codd
966 3212 1067 3259 6cadit
1087 3211 1110 3260 L
1129 3216 1152 3259 et

143 3282 272 3344 Rufinus:
290 3282 385 3329 cadens
396 3280 502 3328 Schenkl
616 3295 645 3328 12
661 3280 761 3328 alienos
772 3277 795 3324 L
808 3295 814 3327 ι
830 3277 924 3326 alienis
934 3277 1048 3339 Rufinus
1059 3279 1151 3336 santis

144 3348 218 3397 aenis
234 3345 326 3395 Schntz
444 3346 475 3393 16
491 3343 580 3393 finitur
597 3344 636 3393 L:
659 3344 758 3393 finitum
776 3343 889 3404 Rufinus
953 3342 1078 3404 spondeis
1095 3342 1150 3389 Ru-

137 3413 229 3475 finus:
246 3412 371 3473 spondius
389 3411 411 3459 L
543 3425 573 3471 17
591 3408 752 3472 pugiunculis
769 3408 901 3470 Rufinus:
925 3407 1107 3469 pungiunculis
1124 3406 1147 3454 L

144 3479 222 3527 saciet
244 3478 372 3539 Rufinus:
401 3476 461 3524 fecit
479 3473 529 3524 F¹:
556 3473 747 3524 faciteam!
896 3489 928 3521 aa
958 3489 1007 3521 nos
1017 3472 1149 3533 Rufinus:

143 3550 231 3593 nostra
248 3544 271 3591 L
290 3545 481 3604 t‘exspectares
498 3541 539 3588 tlln
557 3537 659 3588 nostra'
674 3539 787 3601 Sandys)
911 3552 944 3597 24
961 3539 1021 3586 dein
1037 3537 1151 3598 Rufinus

142 3624 174 3721 Ξῖ
189 3623 290 3736 ιᾳῗίεεὶο
301 3609 369 3676 vulg.
382 3625 388 3656 :
405 3607 478 3670 quasi
489 3607 512 3655 L
525 3605 611 3667 Quint.
624 3604 738 3668 Rufinus
854 3604 888 3652 28
904 3619 979 3666 quam
992 3602 1080 3666 vulgr.:
1098 3607 1149 3652 ont.

177 3689 190 3720 e
236 3689 253 3721 u
273 3689 323 3722 uus
