2588 4178
109 211 211 272 35120
395 206 396 210 ’
434 199 479 264 Μ.
500 198 628 297 TVLLI
651 197 883 260 CICERONIS

157 386 223 427 esse
241 365 291 426 illa
309 377 389 427 certa
406 365 518 427 indicia
534 366 613 442 facti,
628 387 706 445 quae
726 365 816 428 etiam
835 369 918 428 nullo
936 365 1075 428 admisso.
1088 387 1159 429 con·

157 463 243 542 sequi
257 475 387 542 possent,
399 463 602 542 consistetque
614 463 646 525 in
660 463 783 542 singulis
796 475 827 525 et
840 484 876 525 ea
888 476 940 525 aut
954 485 1067 538 eorum,
1079 484 1158 543 quae

158 562 222 640 ipse
245 563 324 622 facta
345 582 410 623 esse
432 562 520 634 dicet,
543 562 662 640 propria
685 582 750 623 esse
774 563 917 623 defendet
940 562 1040 640 potius
1065 582 1157 640 quam

157 658 297 733 criminis,
307 671 360 719 aut
370 659 427 721 sibi
440 680 510 721 cum
525 671 697 721 accusatore
710 659 883 721 communia
896 680 961 728 esse
975 671 1005 721 et
1015 680 1070 738 pro
1084 659 1171 737 peri.

158 758 227 817 culo
241 756 444 835 potiusquam
459 769 563 818 contra
576 760 702 818 salutem
716 759 813 819 valere
827 759 955 832 debere,
976 757 1158 835 testiumque
1171 775 1185 829 5

158 865 188 914 et
202 853 412 932 quaestionum
428 874 522 933 genus
539 854 708 915 universum
724 866 754 915 et
768 857 851 933 quod
867 854 976 932 poterit
988 854 1019 914 in
1035 854 1159 932 singulis

158 972 195 1013 ex
216 952 545 1030 reprehensionis'locis
566 956 604 1014 de
625 953 734 1031 quibus
752 965 823 1014 ante
842 953 956 1014 dictum
975 964 1021 1014 est
1035 955 1158 1014 refellet.

99 1071 142 1107 ιιι
160 1051 277 1110 Harum
301 1070 457 1111 causarum
481 1050 626 1129 principia
652 1050 816 1129 suspiciosa
838 1053 878 1111 ad
901 1050 1095 1112 acerbitatem
1120 1050 1159 1111 ab

157 1160 330 1208 accusatore
344 1159 500 1226 ponentur,
511 1147 795 1227 denuntiabiturque
808 1168 970 1210 commune
983 1147 1158 1210 insidiarum

158 1244 323 1322 periculum
334 1244 599 1323 excitabunturque
612 1246 712 1320 animi,
723 1257 756 1314 ut
765 1248 930 1307 attendant.
958 1249 987 1306 A
996 1267 1048 1307 reo
1057 1258 1160 1311 autern
1175 1270 1203 1304 ιο

158 1345 290 1419 querella
317 1342 438 1404 conflati
460 1343 590 1403 criminis
613 1346 876 1422 conlectarumque
900 1343 1105 1423 suspicionum
1129 1355 1161 1404 et

158 1440 338 1501 accusatoris
356 1439 481 1501 insidiae
497 1458 530 1501 et
548 1430 619 1505 item
639 1461 800 1503 commune
814 1441 979 1520 periculum
996 1443 1161 1519 proferetur

159 1537 312 1615 animique
333 1540 372 1599 ad
391 1537 623 1600 misericordiam
648 1539 826 1602 adlicientur
844 1550 873 1600 et
893 1538 1012 1601 modice
1032 1540 1161 1622 benevo

159 1629 250 1695 lentia
263 1635 396 1707 iudicum
411 1635 583 1713 conligetur.
627 1635 765 1697 Narratio
785 1648 886 1697 autem
906 1636 1087 1698 accusatoris
1105 1632 1161 1703 erit

159 1732 244 1808 quasi
260 1731 449 1793 membratim
466 1732 541 1809 gesti
563 1733 664 1810 negoti
683 1733 848 1811 suspiciosa
863 1733 1028 1812 explicatio,
1051 1733 1160 1811 sparsis
1176 1757 1202 1807 ιι

159 1829 299 1909 omnibus
323 1829 511 1907 argumentis,
534 1830 699 1891 obscuratis
723 1829 957 1901 defensionibus.
1001 1825 1161 1891 Defensori

144 1917 145 1921 ¹
158 1938 210 1986 aut
223 1926 386 2003 praeteritis
399 1939 451 1987 aut
464 1927 628 1988 obscuratis
642 1926 846 2005 suspicionum
860 1927 1049 2006 arg-umentis
1062 1947 1160 1989 rerum

92 2045 145 2083 ,ιιι
158 2019 426 2107 ἰρεαιιιιιιενειιιιιε
440 2035 527 2085 erunt
540 2045 686 2102 casusque
705 2024 852 2085 narrandi.
896 2027 932 2084 In
947 2025 1161 2086 confirmandis

158 2112 258 2181 autem
281 2120 389 2182 nostris
409 2121 984 2199 argumentationibus'infirmandisque
1006 2121 1160 2183 contrariis

158 2238 247 2297 saepe
266 2231 352 2279 erunt
366 2219 530 2281 accusatori
546 2231 646 2280 motus
661 2219 829 2280 animorum
847 2219 999 2292 incitandi,
1015 2240 1067 2281 reo
1085 2218 1160 2279 miti·
1174 2243 1204 2277 20

157 2315 256 2394 gandi.
298 2319 400 2394 Atque
421 2319 480 2377 hoc
499 2308 622 2394 quidem
638 2316 758 2394 utrique
778 2316 906 2377 maxime
924 2316 955 2375 in
972 2315 1160 2394 peroratione

157 2414 328 2477 faciendum
339 2436 348 2489 ;
371 2414 455 2475 alteri
476 2413 713 2492 frequentatione
733 2425 975 2492 argumentorum
996 2426 1027 2475 et
1045 2410 1162 2475 coacerss

158 2511 277 2573 vatione
308 2512 445 2572 universa
456 2534 465 2587 ;
497 2511 589 2585 alteri,
619 2511 643 2570 si
678 2514 767 2589 plane
801 2532 922 2572 causam
953 2513 1160 2589 redarguendo

158 2609 317 2688 explicarit,
333 2608 565 2682 enumeratione,
581 2620 614 2667 ut
628 2609 761 2686 quidque
778 2608 905 2681 diluerit,
921 2620 951 2670 et
971 2608 1163 2685 miseratione

124 2755 146 2813 6
158 2709 199 2767 ad
213 2718 385 2766 extremum.
1176 2728 1188 2764 ι
1192 2731 1205 2779 5

99 2768 146 2906 1323
201 2805 235 2866 C.
251 2803 332 2864 Scire
357 2803 430 2862 mihi
452 2803 511 2863 ianr
536 2802 639 2863 videor
662 2823 753 2880 quem
777 2804 817 2863 ad
840 2804 964 2864 modum
989 2802 1162 2863 coniectura

159 2903 313 2962 tractanda
337 2900 381 2961 sit.
429 2903 519 2961 Nunc
543 2902 582 2961 de
601 2899 782 2961 definitione
809 2899 975 2960 audiamus.
1019 2903 1051 2959 P.
1073 2901 1163 2962 Com·

160 2997 262 3058 munia
282 3001 390 3059 dantur
408 2997 439 3057 in
460 2997 518 3058 isto
538 3017 646 3075 genere
666 2996 832 3058 accusatori
853 2996 1063 3074 defensorique
1081 3017 1164 3074 prae-

158 3107 254 3174 cepta.
296 3098 370 3157 Vter
388 3096 468 3156 enim
487 3094 661 3156 definiendo
680 3095 939 3172 describendoque
957 3095 1049 3155 verbo
1068 3094 1162 3172 magis

158 3196 198 3254 ad
227 3213 348 3254 sensum
378 3193 484 3254 iudicis
513 3193 748 3271 opinionemque
780 3192 940 3270 penetrarit
969 3203 1000 3253 et
1029 3203 1095 3253 uter
1122 3194 1162 3254 ad
1176 3215 1209 3266 30

159 3311 352 3352 communem
375 3291 456 3352 verbi
479 3290 538 3350 vim
564 3302 601 3354 et,
618 3292 755 3364 eandem,
777 3310 868 3368 quam
891 3289 955 3350 eius
976 3289 1060 3350 verbi
1081 3309 1164 3367 prae-

190 3445 206 3490 4
223 3429 246 3479 si
258 3429 307 3477 sibi
319 3429 386 3492 vulg.
399 3445 405 3478 ε
421 3431 444 3478 si
452 3446 503 3479 om.
515 3428 567 3479 cod.
575 3429 598 3491 f
625 3445 683 3478 esse
694 3436 721 3478 et
732 3428 852 3492 Sauppe:
869 3443 928 3477 esse
940 3429 979 3478 P:
997 3427 1163 3480 essentcodd.

159 3492 214 3542 datr.
315 3510 380 3556 qex
392 3509 441 3545 om.
455 3494 481 3543 P
560 3495 661 3544 refellet
671 3497 756 3559 vulg.:
773 3494 942 3543 refelletur?
1027 3496 1058 3542 16
1075 3495 1166 3544 defen·

159 3559 226 3607 soris
238 3557 305 3608 codd.
320 3558 374 3608 dett.
479 3574 509 3621 19
527 3560 658 3609 firmandis
669 3561 694 3608 1:
711 3560 893 3609 confirmandis
904 3560 971 3624 υκΙς.
1078 3574 1117 3622 21,
1132 3575 1165 3609 aa

160 3625 210 3673 hoc
223 3659 229 3672 .
242 3659 248 3671 .
262 3659 268 3672 .
282 3623 425 3674 faciendum
436 3624 477 3674 P:
494 3626 577 3674 haec.
593 3663 619 3675 ..
639 3626 757 3675 facienda
768 3625 838 3674 codd.
852 3625 907 3674 dett.
969 3639 998 3687 31
1016 3632 1042 3674 et
1054 3626 1167 3675 eandem

160 3704 235 3750 quarn
247 3689 303 3738 eius
314 3706 341 3738 vr
347 3691 386 3738 rbi
398 3705 436 3754 pr.
449 3691 572 3739 Frr'edrr'ch
585 3710 591 3740 ι
609 3691 678 3740 etad
691 3707 748 3740 eam
760 3706 784 3753 p.
799 3706 874 3753 quam
887 3690 955 3755 vulg.
