2588 4178
156 202 237 269 1766
346 281 347 284 Ἴ
456 195 500 254 Μ.
529 194 657 255 TVLLI
686 193 923 256 CICERONIS

200 375 288 438 esset,
306 365 431 425 alterum
452 363 535 425 alteri
556 374 704 442 praestare
722 374 879 443 oporteret,
898 363 971 442 quid
990 364 1085 426 virum
1107 365 1199 436 uxori,
1225 368 1226 372 ’

199 462 273 540 quid
301 482 422 524 uxorem
449 461 514 523 viro
541 461 733 522 tradiderunt.
783 461 901 523 Licebit
928 461 1016 540 igitur
1043 463 1203 542 diligenter

199 571 440 637 argumentorum
455 559 582 645 cognitis
600 559 673 621 locis
684 580 755 620 non
773 562 868 621 modo
881 559 1048 633 oratoribus
1061 572 1092 622 et
1105 561 1203 640 philo

201 657 311 734 sophis,
332 660 385 718 sed
407 657 477 718 iuris
495 657 584 719 etiam
605 657 706 736 peritis
725 658 848 736 copiose
868 659 908 719 de
927 658 1201 720 consultatiombus

201 755 262 815 suis
281 754 439 833 disputare.
483 755 670 817 Coniunctus
691 754 762 815 huic
782 775 938 816 causarum
956 757 1025 817 loco
1045 756 1097 817 ille
1117 757 1229 830 locus5

201 863 245 913 est
260 852 310 930 qui
325 853 449 914 efficitur
462 873 499 914 ex
512 853 619 914 causis.
655 855 696 914 Vt
715 852 795 914 enim
813 873 903 914 causa
917 852 990 931 quid
1005 853 1043 914 sit
1056 855 1200 915 effectum

201 948 321 1025 indicat,
337 950 380 1011 sic
393 952 476 1029 quod
490 952 629 1012 effectum
644 962 689 1012 est
703 971 782 1029 quae
798 950 887 1012 fuerit
900 971 994 1012 causa
1003 952 1202 1012 demonstrat.

202 1048 264 1108 Hic
277 1051 362 1109 locus
375 1048 565 1127 suppeditare
579 1051 655 1110 solet
669 1048 835 1110 oratoribus
849 1060 878 1110 et
892 1049 997 1128 poetis,
1010 1069 1101 1128 saepe
1111 1049 1201 1110 etiam

200 1146 395 1225 philosophis,
417 1148 471 1208 sed
499 1147 542 1208 eis
565 1147 617 1225 qui
642 1159 746 1208 ornate
766 1139 797 1208 et
816 1147 940 1225 copiose
961 1147 1044 1229 loqui
1064 1160 1201 1226 possunt,

201 1244 366 1305 mirabilem
386 1244 504 1324 copiam
521 1245 651 1318 dicendi,
667 1265 736 1306 curn
750 1244 930 1306 denuntiant
944 1245 1018 1323 quid
1031 1265 1068 1306 ex
1082 1266 1205 1324 quaque
1219 1266 1247 1301 ιο

200 1361 232 1402 re
246 1339 284 1402 sit
297 1343 438 1402 futurum
477 1344 643 1405 Causarum
657 1342 738 1403 enim
753 1341 886 1421 cognitio
899 1342 1102 1421 cognitionem
1117 1364 1204 1405 even·

201 1451 299 1501 torum
314 1439 395 1501 lacit
491 1433 497 1511 't
1026 1499 1027 1502 ,

156 1546 190 1599 68
245 1537 391 1615 Reliquus
418 1549 463 1598 est
491 1536 720 1616 comparationis
748 1539 840 1611 locus,
866 1536 951 1602 errius
977 1557 1072 1616 genus
1099 1550 1130 1599 et
1158 1559 1205 1600 ex·

204 1637 337 1712 emplum
356 1635 594 1714 suprapositum
613 1647 658 1697 est
677 1647 710 1696 ut
726 1648 892 1697 ceterorum
902 1657 911 1710 ;
931 1656 1014 1698 nunc
1026 1637 1205 1715 explicanda

203 1732 339 1794 tractatio
356 1745 407 1794 est.
452 1735 671 1812 Comparantur
689 1733 777 1812 igitur
795 1753 831 1794 ea
855 1753 932 1811 quae
950 1744 1002 1800 aut
1019 1733 1135 1795 maiora
1152 1744 1204 1795 aut
1219 1753 1246 1804 ¹5

203 1830 318 1891 minora
344 1842 396 1892 aut
423 1831 505 1909 paria
528 1831 686 1906 dicuntur,
720 1831 751 1891 in
776 1831 886 1909 quibus
909 1841 1083 1910 spectantur
1108 1832 1204 1894 haec:

203 1948 343 1989 numerus
358 1928 471 2006 species
486 1928 538 2001 vis,
554 1931 702 2007 quaedam
717 1928 806 1990 etiam
820 1930 860 1990 ad
874 1949 921 1990 res
934 1928 1049 2007 aliquas
1062 1919 1202 1991 adiectio.

157 2028 189 2098 69
203 2029 340 2088 Numero
365 2027 408 2087 sic
435 2028 695 2106 comparabuntur,
725 2030 810 2106 plura
839 2028 921 2088 bona
947 2037 981 2087 ut
1012 2026 1205 2106 paucioribus

202 2124 290 2185 bonis
299 2135 528 2201 anteponantur,
536 2125 676 2205 pauciora
684 2128 763 2186 mala
771 2125 856 2186 malis
864 2124 1006 2205 pluribus,
1017 2124 1205 2186 diuturniora

203 2222 284 2283 bona
297 2221 491 2296 brevioribus,
501 2225 590 2301 longe
604 2223 633 2284 e't
646 2225 706 2284 late
719 2233 877 2302 pervagata
889 2220 1030 2300 angustis,
1042 2241 1079 2282 ex
1092 2223 1205 2300 quibus
1219 2237 1249 2273 το

203 2322 288 2399 plura
300 2321 382 2381 bona
395 2331 595 2399 propagentur
608 2340 746 2399 quaeque
759 2323 858 2399 plures
871 2318 1025 2381 imitentur
1038 2330 1069 2379 et
1082 2319 1203 2405 faciant.

159 2410 162 2418 ’
204 2417 310 2497 Specie
333 2429 433 2480 autern
455 2431 672 2498 comparantur,
691 2430 724 2481 ut
743 2428 964 2498 anteponantur
983 2431 1070 2495 quae'
1084 2428 1208 2496 propter

204 2537 236 2577 se
256 2518 423 2596 expetenda
437 2527 507 2577 sunt
516 2583 517 2586 Ἴ
526 2516 568 2577 eis
583 2537 660 2596 quae
674 2528 794 2596 propter
807 2516 889 2579 aliud
908 2526 938 2576 et
952 2526 985 2576 ut
999 2514 1102 2576 innata
1114 2526 1208 2593 atque

204 2612 292 2674 insita
319 2613 485 2691 adsumptis
512 2624 603 2691 atque
630 2612 815 2687 adventiciis,
844 2612 957 2692 integra
983 2610 1205 2686 contaminatis,

203 2709 336 2770 iucunda
355 2709 455 2770 minus
475 2709 622 2784 iucundis,
641 2711 768 2771 honesta
787 2708 859 2787 ipsis
878 2707 968 2770 etiam
988 2708 1121 2782 utilibus,
1140 2725 1208 2785 pro
1221 2728 1250 2780 25

205 2806 291 2868 clivia
310 2807 473 2881 laboriosis,
489 2806 655 2869 necessaria
668 2827 730 2868 non
744 2805 925 2880 necessariis,
942 2826 996 2867 sua
1013 2804 1127 2880 alienis,
1142 2825 1209 2866 rara

204 2904 382 2983 vulgaribus,
398 2903 650 2966 desiderabilia
624 2925 667 2965 ers
686 2904 796 2983 quibus
809 2903 895 2964 facile
909 2923 1008 2964 carere
1024 2902 1130 2981 possis,
1144 2922 1210 2982 per-

206 3004 284 3063 lecta
297 3002 453 3077 incohatis,
467 3013 530 3064 tota
542 3002 684 3113 partibus,
697 3001 811 3063 ratione
822 3000 936 3063 utentia
948 3000 1071 3062 rationis
1084 3000 1211 3080 experti-

207 3100 272 3173 bus,
288 3100 453 3161 voluntaria
471 3099 653 3174 necessariis,
669 3101 800 3162 animata
817 3097 967 3175 inanimis,
981 3099 1126 3160 naturalia
1143 3118 1209 3160 non

165 3224 195 3278 70
207 3198 399 3272 naturalibus,
414 3198 572 3260 artificiosa
591 3219 652 3260 non
670 3197 845 3259 artificiosis.
887 3197 941 3283 Vis
959 3207 1060 3271 autem
1079 3195 1111 3257 in
1127 3216 1211 3258 com·
1223 3212 1254 3262 ³0

207 3296 361 3375 paratione
384 3295 428 3356 sic
448 3296 594 3357 cernitur:
608 3326 610 3329 v
626 3296 757 3357 efficiens
780 3315 871 3356 causa
886 3293 1009 3378 ¹gravior
1031 3314 1122 3372 quarn
1144 3315 1210 3357 non

208 3391 339 3454 efficiens
345 3415 354 3468 3
367 3413 444 3472 quae
453 3413 485 3456 se
494 3392 565 3473 ipsis
574 3404 716 3455 contenta
725 3403 794 3453 sunt
802 3391 926 3454 meliora
934 3411 1024 3471 quam
1034 3411 1112 3471 quae
1119 3403 1212 3470 egent

155 809 188 875 ⁶7

539 3564 572 3612 32
587 3547 651 3611 ipsis
663 3546 725 3611 Oes:
742 3547 797 3610 ipsa
808 3547 876 3600 codd.
