2588 4178
497 205 661 266 BRVTVS
1045 216 1080 278 51
1096 224 1141 278 ¹9²

78 397 131 440 eas
146 376 203 438 sibi
217 375 328 437 tibicen
339 385 432 454 putet,
443 375 485 436 sic
496 374 605 436 oratori
615 373 718 453 populi
729 393 815 435 aures
825 384 978 451 tamquam
989 371 1081 434 tibiae

79 487 169 550 sunt;
190 495 243 536 eae
257 475 282 535 si
298 473 433 535 inflatum
453 493 515 534 non
533 472 772 551 recipiunt-aut
785 473 810 533 si
822 471 942 534 auditor
955 472 1080 533 omnino

79 585 235 651 tamquam
249 592 344 650 equus
359 591 420 633 non
434 571 513 644 facit,
528 570 659 648 agitandi
674 571 741 631 finis
754 570 909 631 faciendus
922 581 975 631 est.
1007 572 1079 630 Hoc
1092 547 1132 608 ⁵²

80 683 184 732 tamen
201 670 332 743 interest,
347 670 430 747 quod
443 670 552 748 vulgus
564 668 714 730 interdum
733 689 793 729 non
813 669 1002 746 probandum
1017 684 1079 728 ora·
1095 638 1142 691 ¹⁹³

50 787 66 838 a
81 781 178 831 torem
191 768 307 846 probat,
322 769 376 829 sed
390 767 496 845 probat
510 765 574 828 sine
592 765 833 845 comparatione;
853 785 923 826 eum
936 785 955 826 a
969 765 1081 827 medio

80 867 123 929 cri
133 878 186 927 aut
196 866 286 927 etiam
296 885 315 925 a
326 867 406 927 malo
415 866 587 938 delectatur,
598 884 635 927 eo
646 876 691 926 est
700 875 879 938 contentus;
898 883 964 925 esse
974 863 1081 925 melius

80 986 143 1027 non
158 963 255 1037 sentit,
271 962 345 1024 illud
360 964 443 1041 quod
457 973 509 1038 est,
526 965 744 1041 qualecumque
757 973 811 1036 est,
826 962 940 1040 probat.
983 963 1081 1023 Tenet

79 1063 163 1125 enim
176 1061 255 1122 auris
267 1062 321 1122 vel
330 1060 487 1122 mediocris
501 1071 608 1135 orator,
618 1061 656 1122 sit
670 1059 889 1138 modoaliquid
902 1060 934 1120 in
948 1079 1004 1134 eo,
1025 1079 1081 1121 nec

80 1163 203 1223 res-ulla
220 1162 287 1239 plus
306 1161 387 1238 apud
406 1157 522 1220 animos
541 1158 699 1221 hominum
717 1176 808 1237 quam
827 1159 903 1219 ordo
916 1169 946 1219 et
960 1168 1081 1218 omatus

37 1281 68 1316 ιο
81 1258 324 1323 orationisvalet.
368 1259 438 1334 Qua
450 1277 481 1319 re
495 1257 563 1335 quis
579 1278 616 1319 ex
634 1259 840 1336 populo,'cum
855 1257 894 1333 Q.
908 1258 1080 1319 Scaevolam
1096 1290 1145 1342 194
1174 1263 1177 1268 '

81 1378 136 1437 pro
152 1358 196 1416 M.
213 1354 353 1434 Coponio
366 1354 517 1416 dicentem
535 1354 652 1416 audiret
665 1354 697 1415 in
711 1374 747 1416 ea
763 1374 860 1428 causa,
875 1355 915 1416 de
933 1374 993 1432 qua
1011 1367 1082 1417 ante

81 1455 153 1530 dixi,
175 1453 336 1532 quicquam
360 1451 481 1532 politius
501 1464 555 1514 aut
575 1453 737 1532 elegantius
757 1464 810 1514 aut
830 1451 955 1514 omnino
976 1451 1082 1515 melius

80 1564 135 1615 aut
148 1561 331 1631 exspectaret
344 1562 396 1612 aut
405 1571 495 1630 posse
506 1551 572 1613 <fieri
586 1561 701 1628 putaret
710 1553 730 1610 l
754 1552 833 1613 Cum
848 1549 873 1626 is
882 1553 945 1635 jhoc
956 1551 1082 1628 probare
1100 1581 1144 1633 ¹⁹5

82 1653 181 1724 vellet,
191 1652 243 1710 M'.
254 1648 387 1723 Curium,
397 1669 467 1711 cum
481 1649 523 1709 ita
536 1650 621 1710 heres
630 1648 788 1711 ‘institutus
798 1659 884 1722 esset,
898 1648 939 1709 ‘si
953 1648 1082 1727 pupillus

37 1772 69 1822 '15
81 1760 154 1810 ante
168 1759 302 1809 mortuus
316 1759 394 1808 esset
408 1766 498 1825 quam
517 1747 548 1807 in
567 1766 651 1808 suam
671 1748 794 1809 tutelam
808 1746 955 1820 venisset)
969 1746 1083 1825 pupillo

83 1865 146 1907 non
164 1856 235 1906 nato
253 1846 395 1906 heredem
414 1865 479 1912 esse
499 1864 561 1906 non
581 1864 670 1924 posse
681 1843 689 1906 :¹
709 1844 782 1924 quid
801 1843 850 1905 ille
870 1864 933 1904 non
944 1844 1026 1906 dixit
1044 1846 1083 1905 de

82 1954 330 2006 testamentorum
340 1941 484 2004 iuret-de
494 1942 623 2020 antiquis
632 1942 788 2004 formulis?
808 1942 948 2020 quemad
959 1944 1083 2003 modum

83 2041 175 2104 scribi
188 2039 411 2119 oportuissetsi
425 2039 514 2102 otiam
530 2039 592 2101 filio
605 2060 667 2102 non
681 2051 753 2103 nato
762 2042 849 2102 -heres
863 2039 1085 2101 institueretur?

84 2159 177 2219 quam
198 2138 364 2217 captiosum
383 2157 448 2199 esse
467 2140 588 2216 populo,
604 2141 687 2217 quod
707 2137 850 2218 scriptum
871 2149 949 2200 esset
969 2137 1084 2217 neglegi
1100 2147 1148 2215 19⁶

40 2250 118 2325 aoet
133 2236 275 2315 opinione
289 2235 391 2314 quaeri
409 2238 576 2297 voluntates
595 2247 625 2298 et
645 2235 887 2315 interpretatione
906 2235 1084 2297 disertorum

85 2335 196 2415 scripta
209 2332 390 2412 simplicium
404 2333 561 2394 hominum
579 2336 765 2413 pervertere?
806 2337 906 2412 Quam
925 2334 976 2395 ille
992 2336 1085 2406 multa
1095 2347 1147 2404 ⁴197

85 2431 311 2496 deauctoritate
321 2430 413 2511 patris
423 2431 477 2506 sui,
488 2431 540 2510 qui
550 2452 667 2511 semper
676 2432 722 2493 ius
732 2431 807 2492 illud
817 2451 882 2494 esse
891 2434 1086 2494 defenderat?

86 2552 179 2610 quam
203 2529 328 2592 omnino
352 2531 446 2591 multa
468 2531 509 2591 de
535 2532 741 2592 conservando
768 2529 831 2590 iure
858 2529 959 2590 civili?
999 2533 1086 2608 Quae

83 2629 211 2708 'quidem
225 2675 227 2680 .
242 2626 344 2688 omnia
372 2647 442 2688 cum
470 2627 563 2706 perite
592 2639 622 2689 et
640 2627 781 2689 ‘scienter
806 2627 878 2688 item
903 2627 1029 2688 breviter
1058 2639 1087 2689 et

42 2747 73 2799 ²5
88 2746 189 2807 presse
208 2736 238 2787 et
259 2724 329 2785 satis
348 2736 452 2785 ornate
471 2736 501 2786 et
519 2727 721 2804 pereleganter
739 2725 858 2797 diceret,
874 2725 941 2803 quis
960 2736 1038 2786 esset
1056 2725 1087 2784 in

88 2826 202 2904 populo
216 2822 267 2902 qui
283 2834 335 2884 aut
353 2834 536 2901 exspectaret
553 2836 605 2884 aut
623 2823 686 2885 fieri
704 2843 792 2902 posse
806 2823 967 2902 quicquam
981 2823 1088 2885 melius

88 2925 231 3003 putaret?
271 2925 312 2983 At
332 2941 411 2996 vero,
425 2924 459 2982 ut
480 2934 583 2983 contra
602 2923 726 2985 Crassus
745 2923 785 2983 ab
805 2923 998 2983 adulescente
1017 2921 1089 2982 deli·
1101 2928 1140 2987 53

89 3031 166 3096 cato,
177 3019 229 3099 qui
243 3019 274 3080 in
288 3020 373 3082 litore
387 3021 544 3081 ambulans
558 3023 702 3081 scalmum
717 3019 893 3099 repperisset
906 3021 947 3081 ob
961 3039 1088 3098 eamque

90 3139 154 3180 rem
176 3116 333 3180 aedificare
354 3138 461 3180 navem
482 3117 710 3197 concupivisset,
735 3138 856 3180 exorsus
881 3129 933 3191 est,
956 3116 1090 3178 similiter

43 3210 78 3288 3⁶
92 3218 265 3278 Scaevolam
282 3237 319 3278 ex
337 3236 399 3278 uno
417 3218 531 3279 scalmo
548 3215 695 3295 captionis
713 3215 925 3278 centumvirale
944 3214 1089 3276 iudicium

123 3375 141 3421 6
156 3387 172 3420 a
183 3372 250 3421 malo
262 3371 330 3437 vulg.
343 3389 350 3422 t
366 3373 433 3423 malo
444 3370 468 3420 l.
534 3361 676 3422 delectetur
693 3372 741 3422 OG
840 3387 870 3435 13
887 3387 964 3435 posse
979 3372 1035 3422 fieri
1054 3371 1089 3422 C:

91 3438 148 3487 lierl
158 3453 235 3500 posse
254 3437 303 3486 OG
402 3453 431 3501 19
447 3443 516 3487 esset
532 3437 646 3487 Ernesti:
663 3453 722 3487 esse
740 3438 762 3487 L
872 3455 904 3487 aa
920 3438 963 3499 qui
978 3475 984 3488 .
998 3475 1005 3488 .
1018 3474 1025 3490 .
1045 3439 1088 3486 de·

92 3505 210 3553 tenderat
221 3504 274 3552 sect.
286 3503 416 3553 Eberhard
490 3519 522 3565 24
539 3503 600 3552 item
613 3502 649 3554 M.
662 3504 769 3568 Haupt:
787 3511 840 3552 tum
851 3504 887 3552 ita
899 3503 922 3550 L
935 3522 941 3553 :
958 3509 1012 3553 tum
1027 3503 1088 3569 [ita]

91 3568 214 3619 Friedrich
225 3585 230 3618 :
248 3578 351 3633 sumpta
362 3567 465 3618 Martha
550 3571 583 3618 26
599 3576 643 3619 aut
655 3575 820 3633 exspectaret
831 3577 875 3620 aut
885 3569 937 3619 secl.
948 3569 1021 3630 Jahn
