2588 4178
158 212 262 288 63215
481 211 524 270 M.
554 208 681 296 avum
709 206 942 270 crcunoms

213 377 351 446 oportet3
371 365 500 445 primum
521 365 602 427 enirn
623 384 764 425 numerus
784 361 963 442 agnoscitur,
984 359 1095 422 deinde
1116 359 1212 434 satiat,

212 477 317 543 postea
330 463 449 542 cognita
463 463 602 524 facilitate
616 461 825 523 contemnitur.

149 569 199 644 ’64
253 564 313 624 Sed
338 572 406 623 sunt
434 562 583 622 clausulae
606 563 714 639 plures,
740 579 817 637 quae
842 577 1000 620 numerose
1027 567 1057 618 et
1082 556 1214 617 iucunde

212 663 329 721 cadant
372 662 451 720 Nam
466 670 496 720 et
513 658 647 732 creticus
663 657 715 736 qui
729 669 774 718 est
788 679 805 717 e
819 659 908 734 longa
925 668 955 717 et
973 655 1056 716 brevi
1070 666 1100 716 et
1113 657 1214 732 longa,

212 767 242 817 et
262 756 326 817 eius
346 756 478 834 aequalis
499 775 602 834 paean,
619 755 671 832 qui
689 754 785 832 spatio
804 775 857 832 par
877 764 930 826 est,
953 753 1067 830 syllaba
1087 751 1213 829 longior,
1230 775 1244 826 5

213 874 303 932 quam
322 853 564 922 commodissime
581 863 700 931 putatur
714 852 745 912 in
759 854 887 913 solutam
907 850 1073 912 orationem
1089 848 1215 926 inligari,

212 972 282 1012 cum
297 951 334 1011 sit
348 953 466 1029 duplex.
500 953 580 1010 Nam
593 962 645 1010 aut
659 971 676 1010 e
690 952 779 1028 longa
793 961 837 1010 est
851 961 881 1010 et
895 948 989 1014 tribus
1003 947 1151 1020 brevibus,
1162 946 1216 1024 qui

212 1069 353 1110 numerus
378 1048 409 1108 in
429 1048 526 1127 primo
547 1047 632 1126 viget,
655 1048 732 1109 iacet
754 1047 785 1106 in
806 1060 947 1118 extremo,
973 1058 1024 1107 aut
1048 1067 1065 1106 e
1088 1045 1216 1106 totidem

212 1147 352 1208 brevibus
366 1157 396 1208 et
410 1149 507 1222 longa,
519 1143 576 1227 [in]
592 1166 682 1223 quem
697 1145 810 1223 optime
825 1147 931 1206 cadere
945 1156 1069 1206 censent
1082 1153 1219 1216 veteres;

152 1248 200 1300 216
213 1264 269 1322 ego
291 1264 353 1304 non
377 1246 465 1322 plane
488 1243 586 1317 reicio,
608 1245 661 1304 sed
684 1243 757 1304 alios
779 1256 950 1320 antepono.¹
991 1245 1040 1302 Ne
1062 1243 1218 1320 spondeus
1232 1264 1261 1300 10

213 1341 336 1420 quidem
359 1340 493 1408 funditus
515 1353 560 1402 est
581 1341 793 1419 repudiandus,
816 1340 879 1414 etsi,
902 1342 985 1418 quod
1008 1350 1052 1400 est
1077 1360 1094 1400 e
1119 1338 1218 1416 longis

213 1440 339 1512 duabus,
354 1437 491 1498 hebetior
504 1437 621 1498 videtur
642 1451 672 1500 et
692 1438 823 1512 tardior5
844 1438 935 1498 habet
956 1449 1059 1498 tamen
1077 1436 1218 1497 stabilem

213 1537 365 1615 quendam
384 1546 414 1596 et
435 1556 496 1596 non
517 1547 668 1614 expertem
689 1536 841 1614 dignitatis
861 1537 995 1614 gradum,
1014 1535 1045 1595 in
1067 1533 1219 1595 incisioni-

205 1635 270 1695 bus
294 1652 364 1693 vero
387 1635 482 1693 multo
506 1633 606 1710 magis,
624 1644 654 1694 et
682 1634 712 1693 in
738 1633 879 1694 membris
891 1655 900 1707 ;
929 1632 1110 1710 paucitatem
1133 1632 1217 1692 enim

213 1732 326 1807 pedum
340 1729 481 1808 gravitate
495 1750 548 1791 sua
563 1743 592 1791 et
612 1731 749 1792 tarditate
771 1744 953 1809 compensat.
997 1732 1057 1792 Sed
1071 1732 1128 1791 hos
1143 1750 1215 1790 cum
1232 1749 1259 1800 ¹5

214 1827 244 1888 in
267 1828 406 1889 clausulis
430 1830 522 1907 pedes
548 1828 681 1901 nomino,
702 1850 764 1890 non
788 1832 896 1907 loquor
919 1829 958 1889 de
980 1848 1042 1889 uno
1067 1831 1146 1906 pede
1168 1847 1218 1888 ex·

215 1938 328 1987 tremo:
349 1925 489 2004 adiungo,
505 1928 587 2004 quod
602 1927 759 1988 minimum
780 1927 825 2001 sit,
840 1927 1008 2004 proximum
1022 1925 1218 2004 superiorem,

155 2039 201 2096 2¹7
216 2043 305 2102 saepe
326 2023 415 2084 etiam
437 2023 564 2085 tertium.
608 2027 656 2085 Ne
677 2024 799 2108 iambus
813 2024 944 2101 quidem,
964 2022 1016 2102 qui
1033 2033 1078 2084 est
1097 2044 1114 2084 e
1134 2023 1218 2085 brevi

215 2130 246 2182 et‘
259 2123 354 2198 longa,
370 2132 421 2181 aut
438 2141 491 2199 par
509 2124 625 2190 choreo,
637 2122 688 2200 qui
702 2123 794 2183 habet
807 2121 858 2182 tris
879 2121 976 2198 brevis
991 2122 1146 2204 trochaeus,
1162 2122 1217 2181 sed
1251 2174 1252 2177 ,

182 2281 184 2284 ,
215 2217 311 2296 spatio
326 2240 385 2297 par,
400 2240 463 2280 non
477 2218 605 2296 syllabis,
621 2231 672 2279 aut
693 2219 782 2280 etiarn
802 2222 945 2296 dactylus,
961 2218 1013 2296 qui
1032 2230 1078 2279 est
1095 2215 1217 2297 elonga
1230 2233 1259 2269 ²0

215 2321 258 2375 et'
273 2317 389 2380 duabus
417 2316 565 2390 brevibus,
589 2316 613 2376 si
639 2327 683 2385 est
707 2317 858 2394 proximus
882 2338 900 2377 a
924 2329 1084 2395 postremo,
1110 2336 1215 2394 parum

216 2413 385 2473 volubiliter
404 2413 538 2490 pervenit
558 2415 597 2474 ad
618 2426 790 2486 extremum,
808 2413 833 2473 si
854 2426 898 2474 est
919 2426 1070 2474 extremus
1088 2415 1216 2474 choreus

216 2521 267 2572 aut
288 2512 458 2588 spondeus,
483 2531 648 2588 numquam
671 2511 752 2573 enim
773 2511 896 2572 interest
916 2521 981 2571 uter
1003 2510 1040 2570 sit
1061 2530 1165 2571 eorum
1187 2510 1217 2570 in

217 2609 296 2687 pede
316 2620 455 2674 extremo.
498 2610 559 2685 ¹Sed
580 2608 661 2668 idem
683 2609 714 2668 hi
735 2620 793 2669 tres
815 2610 907 2686 pedes
927 2610 1004 2669 male
1021 2610 1216 2681 concludunt,

218 2705 243 2765 si
256 2705 323 2783 quis
344 2726 447 2766 eorum
467 2705 497 2774 in
519 2717 650 2767 extremo
671 2709 786 2768 locatus
805 2718 858 2781 est,
874 2706 931 2767 nisi
950 2727 1020 2766 cum
1038 2727 1093 2784 pro
1107 2707 1259 2778 cretico=r5

218 2813 385 2881 postremus
413 2814 458 2864 est
484 2802 620 2880 'dactylus
632 2826 641 2878 ;
670 2804 744 2864 nihil
769 2805 850 2865 enim
875 2804 996 2865 interest
1020 2805 1156 2882 dactylus
1181 2804 1218 2865 sit

218 2914 365 2962 extremus
380 2922 418 2962 an
433 2901 567 2976 creticus,
583 2901 817 2980 quiapostrema
834 2904 947 2982 syllaba
964 2902 1062 2973 brevis
1075 2923 1115 2962 an
1126 2904 1219 2980 ¹longa

157 3005 206 3054 218
218 2999 256 3060 sit
277 3021 315 3061 ne
337 3000 368 3058 in
388 3019 474 3087 versu
495 2999 618 3077 quidem
640 3003 735 3061 refert.
779 3003 849 3077 Qua
869 3021 900 3061 re
921 2999 1010 3061 etiam
1032 3019 1146 3077 paeana
1168 2998 1220 3077 qui

218 3097 293 3159 dixit
313 3095 465 3174 aptiorem,
488 3096 520 3157 in
541 3118 602 3175 quo
623 3110 702 3159 esset
722 3101 810 3176 longa
831 3110 990 3177 postrema,
1009 3097 1083 3159 vidit
1103 3117 1218 3176 parum,

252 3250 428 3314 4ιιάιηῖὶ·
446 3252 624 3301 caduntBake
727 3250 867 3314 5eiusL:
884 3254 907 3304 ei
919 3253 1014 3316 Stangl
1110 3253 1220 3313 §quam

219 3268 303 3394 vuig:
329 3319 372 3381 qui
392 3316 461 3366 FPO
479 3318 607 3380 Ruzfinus
633 3320 675 3368 vel
697 3318 792 3381 Stangl
908 3318 1099 3380 BeRufinus.
1122 3332 1174 3366 om.
1197 3316 1220 3365 L

220 3381 325 3443 9inL:
344 3398 393 3430 om.
408 3381 521 3444 Rufinus
622 3399 652 3445 ¹5
669 3383 792 3446 gravitate
804 3400 851 3434 sua
862 3391 889 3433 et
902 3384 935 3432 0²
945 3384 1071 3447 Rufinus
1083 3383 1221 3444 gravitatis

219 3456 293 3497 suaet
315 3449 352 3497 F·
376 3449 506 3508 gravitatis
526 3464 589 3498 suae
605 3449 646 3498 P:
662 3450 801 3510 gravitatis
817 3465 864 3499 sue
882 3449 916 3497 0ι
1017 3465 1046 3510 17
1063 3448 1097 3497 sit
1113 3447 1154 3496 L.
1179 3454 1222 3497 est

221 3513 312 3562 maluit
327 3513 422 3577 Stangl
523 3531 558 3577 19
576 3515 714 3564 trochaeus
730 3515 859 3578 Rufimcs:
875 3515 962 3564 omL
1067 3528 1100 3574 ²4
1118 3512 1221 3604 conclu·

220 3579 315 3628 duntur
325 3578 438 3639 Rufinus
