2588 4178
152 209 254 277 30106
453 198 496 257 M.
519 196 647 256 rvrm
669 195 902 257 crcnnorus

205 382 339 444 subiecta
358 381 441 456 ratio,
455 380 591 444 sicutab
605 380 746 459 Opimio:
775 382 845 442 Iure
864 379 930 454 feci,
945 379 1047 441 salutis
1069 379 1206 441 omnium

204 492 234 541 et
255 481 479 541 conservandae
500 478 541 539 rei
563 477 701 556 publicae
721 498 819 552 causa,
841 480 1026 556 relatumque
1046 477 1086 538 ab
1109 477 1206 540 Decio

204 590 267 639 est:
296 580 344 639 Ne
366 575 625 640 sceleratissimum
649 575 772 653 quidem
796 575 893 637 civem
917 575 981 636 sine
1007 574 1122 638 iudicio
1144 575 1206 636 iure

204 678 266 737 ullo
280 695 386 736 necare
399 674 532 753 potuisti,
547 672 638 735 oritur
651 673 702 733 illa
716 673 912 750 disceptatio:
938 673 1112 734 Potueritne
1126 685 1205 734 recte

204 773 306 834 salutis
325 773 366 834 rei
383 772 521 851 publicae
541 790 632 832 causa
649 770 745 831 civem
764 771 930 832 eversorem
951 770 1077 832 civitatis
1090 771 1232 836 indem·5

205 882 307 931 natum
321 873 452 931 necare?
493 873 540 930 Ita
557 868 788 946 disceptationes
806 889 867 941 eae,
883 889 962 947 quae
979 868 1010 928 in
1027 868 1074 929 his
1088 881 1206 931 contro-

203 968 304 1048 versiis
326 967 468 1040 oriuntur,
494 987 571 1044 quae
595 977 666 1026 sunt
692 966 779 1027 certis
802 966 936 1044 personis
959 986 996 1026 ac
1019 967 1205 1044 temporibus

203 1077 332 1139 notatae,
347 1067 423 1125 fiunt
441 1084 540 1125 rursus
559 1063 692 1124 infinitae
708 1063 849 1135 detractis
867 1064 1002 1141 personis
1018 1067 1053 1125 et'
1066 1065 1205 1141 tempori-

204 1164 261 1224 bus
282 1175 318 1224 ¹et
344 1183 458 1224 rursum
487 1164 529 1223 ad
558 1161 811 1222 consultationum
843 1164 969 1223 sormam
996 1161 1204 1242 rationemque

157 1249 191 1308 3¹
203 1273 386 1322 revocantur.
442 1262 502 1321 Sed
532 1260 563 1320 in
594 1259 773 1337 gravissimis
806 1260 1000 1321 firmamentis
1031 1259 1123 1321 etiarn
1154 1261 1204 1321 illa
1220 1281 1246 1318 ro

144 1337 189 1390 ¹⁰⁷
202 1361 344 1437 ponenda
364 1370 442 1431 sunt,
463 1359 488 1418 si
510 1379 586 1436 quae
606 1378 643 1418 ex
663 1358 774 1435 scripto
794 1358 867 1436 legis
887 1371 938 1419 aut
958 1358 1129 1419 testamenti
1153 1371 1205 1420 aut

203 1457 360 1517 verborum
382 1455 473 1533 ipsius
497 1455 589 1516 iudici
611 1466 663 1515 aut
686 1455 811 1516 alicuius
835 1456 1033 1538 stipulationis
1060 1468 1113 1518 aut
1137 1477 1205 1518 cau-

204 1553 292 1614 tionis
306 1564 499 1636 opponuntur
517 1551 684 1614 defensioni
702 1553 856 1614 contraria.
899 1556 940 1614 At
954 1573 992 1615 ne
1005 1556 1065 1614 hoc
1079 1554 1203 1632 quidem

199 1671 296 1730 genus
317 1651 348 1711 in
370 1651 413 1712 eis
437 1650 542 1712 causis.
557 1651 679 1719 incurrit
701 1671 778 1729 quae
805 1641 977 1714 coniectura
1001 1652 1201 1714 continentur.

203 1750 295 1824 Quod
315 1749 395 1808 enirn
414 1751 526 1809 lactum
547 1760 678 1826 negatur,
693 1749 724 1810 id
744 1749 864 1827 coargui
882 1749 992 1828 scripto
1011 1770 1072 1812 non
1094 1762 1202 1830 potest.
1217 1770 1244 1821 15

195 1848 250 1906 Ne
264 1844 295 1904 in
310 1845 515 1907 definitionem
530 1846 653 1923 quidem
664 1847 746 1907 venit
755 1867 863 1924 genere
877 1847 977 1925 scripti
991 1848 1092 1926 ipsius.
1123 1851 1203 1910 Nam

202 1943 291 2003 etiarn
311 1943 476 2004 siverbum
497 1943 620 2021 aliquod
640 1965 676 2005 ex
697 1945 807 2023 scripto
825 1944 1031 2028 definiendum
1050 1959 1095 2007 est
1112 1967 1203 2025 quarn

201 2040 261 2100 vim
275 2041 392 2113 habeat,
409 2052 441 2101 ut
457 2061 527 2101 cum
547 2061 582 2100 ex
603 2042 786 2103 testamentis
801 2043 875 2120 quid
892 2043 929 2103 sit
948 2064 1043 2122 penus
1061 2057 1114 2105 aut
1132 2065 1202 2106 cum

201 2159 237 2198 ex
258 2141 323 2217 lege
342 2138 445 2217 praedi
466 2139 616 2216 quaeritur
636 2160 713 2218 quae
734 2141 794 2201 sint
814 2153 879 2202 ruta
899 2161 994 2215 caesa,
1017 2162 1080 2203 non
1100 2142 1202 2221 scripti
1236 2164 1238 2168 ·

142 2257 187 2305 108
200 2256 302 2314 genus,
326 2238 379 2297 sed
402 2236 483 2297 verbi
508 2235 709 2315 interpretatio
736 2238 968 2300 controversiam
991 2239 1070 2300 lacit.
1122 2242 1200 2304 Cum
1216 2268 1244 2302 πο

200 2345 301 2394 autem
328 2345 380 2393 aut
409 2336 493 2412 plura
521 2333 723 2412 significantur
752 2335 862 2414 scripto
894 2348 1015 2414 propter
1041 2338 1123 2397 verbi
1150 2349 1202 2399 aut

201 2432 359 2492 verborum
387 2430 620 2508 ambiguitatem,
643 2444 676 2492 ut
696 2432 783 2493 liceat
804 2435 831 2494 ei
856 2432 908 2510 qui
936 2445 1039 2494 contra
1063 2434 1144 2496 dicat
1165 2455 1202 2497 eo

202 2530 316 2589 trahere
337 2528 584 2606 significationem
605 2529 714 2608 scripti,
730 2550 792 2607 quo
810 2530 949 2608 expediat
968 2551 1005 2592 ac
1024 2531 1095 2592 velit
1105 2553 1114 2607 ;
1141 2545 1200 2606 aut,

201 2624 225 2685 si
247 2625 386 2702 ambigue
410 2625 552 2702 scriptum
573 2647 635 2687 non
657 2626 702 2700 sit,
726 2630 773 2688 vel
800 2648 818 2688 a
841 2627 939 2689 verbis
962 2631 1148 2689 voluntatem
1172 2642 1202 2691 et

200 2721 378 2782 sententiam
403 2721 552 2800 scriptoris
579 2724 728 2784 abducere
750 2727 797 2784 vel
824 2725 883 2785 alio
907 2745 939 2785 se
967 2726 1074 2787 eadem
1102 2729 1141 2787 de
1169 2748 1200 2789 re
1215 2753 1242 2802 ²5

201 2819 346 2880 contrarie
366 2819 476 2898 scripto
497 2822 667 2896 defendere,
681 2833 745 2882 tum
762 2822 939 2900 disceptatio
958 2843 994 2884 ex
1012 2822 1114 2900 scripti
1131 2845 1202 2886 con-

201 2916 335 2977 tentione
358 2917 478 2992 exsistit,
497 2930 530 2977 ut
550 2917 581 2977 in
605 2919 753 2996 ambiguis
776 2919 958 2998 disceptetur
978 2919 1052 2998 quid
1073 2922 1202 2983 maxime

201 3014 389 3092 significetur,
418 3015 448 3074 in
483 3014 583 3094 scripti
598 3048 600 3050 ·
617 3016 842 3095 sententiaeque
876 3017 1070 3079 contentione
1101 3031 1200 3080 utrum

200 3112 299 3190 potius
323 3112 412 3173 iudex
434 3126 582 3190 sequatur,
608 3114 638 3173 in
663 3114 816 3176 contrariis
843 3115 959 3194 scriptis
983 3127 1083 3176 utrum
1107 3119 1201 3196 magis

199 3209 457 3286 comprobandum
472 3210 517 3271 sit.
964 3235 965 3239 ¹
1214 3229 1245 3276 30

142 3337 187 3389 ¹09
243 3307 429 3385 Disceptatio
451 3320 552 3374 autern
574 3329 643 3368 cum
668 3321 713 3370 est
734 3311 903 3385 constituta,
925 3311 1112 3390 propositum
1134 3334 1200 3377 esse

202 3405 292 3466 debet
307 3405 422 3478 oratori,
440 3426 501 3484 quo
521 3426 626 3467 omnes
644 3409 916 3485 argumentationes
939 3409 1082 3487 repetitae
1103 3431 1140 3471 ex
1159 3412 1201 3472 in-

214 3575 243 3621 14
262 3560 288 3608 in
301 3560 339 3609 eis
351 3561 436 3612 causis
448 3561 489 3611 P:
509 3563 536 3610 in
552 3577 596 3612 eas
608 3578 697 3612 causas
708 3564 776 3628 vulg.
875 3580 908 3614 ao
925 3565 986 3614 lacit
997 3565 1036 3614 P:
1054 3567 1122 3628 parit
1133 3569 1199 3632 vulg.
