2588 4178
552 205 717 266 BRVTVS
1102 215 1141 276 3²
1157 225 1203 263 rra

129 392 189 450 pro
211 375 271 434 Ser.
295 373 400 435 Fulvio
422 375 460 434 de
481 373 597 435 incestu
618 373 727 435 nobilis
748 373 851 434 oratio.
895 371 993 434 Nobis
1017 372 1141 451 quidem

130 470 233 549 pueris
267 473 342 532 haec
377 471 513 532 omnium
544 472 658 549 optima
692 472 859 551 putabatur,
890 491 968 548 quae
998 469 1046 530 vix
1081 470 1140 530 iam

130 580 287 647 comparet
314 569 346 629 in
370 571 427 631 hac
452 571 539 631 turba
566 590 713 631 novorum
738 569 933 632 voluminum.
978 571 1138 642 Praeclare,
1158 599 1203 644 1²3

130 666 231 744 inquit
249 670 367 742 Brutus,
383 678 473 733 teneo
487 668 539 745 qui
558 667 644 728 istam
665 669 783 729 turbam
797 667 984 728 voluminum
1001 666 1139 728 effecerit.

100 785 116 834 5
132 766 174 823 Et
188 783 245 841 ego
261 760 408 846 [inquam]
421 789 427 825 :
450 767 606 844 Intellege,
623 769 722 839 Brute,
738 786 828 843 quem
843 765 946 839 dicas;
966 776 1045 826 certe
1059 763 1140 825 enim

131 871 163 922 et
188 861 261 922 boni
283 861 397 939 aliquid
421 862 584 923 adtulimus
608 863 763 936 iuventuti,
787 862 1024 942 magnificentius
1049 882 1140 939 quam

130 961 229 1019 luerat
253 948 347 1037 penus
375 959 496 1021 dicendi
524 972 554 1021 et
582 961 733 1035 omatius;
763 972 793 1021 et
821 961 979 1022 nocuimus
1008 961 1139 1034 sortasse,

132 1059 219 1134 quod
239 1068 352 1118 veteres
374 1056 522 1119 orationes
547 1069 615 1136 post
636 1070 759 1132 nostras,
783 1078 845 1119 non
866 1079 884 1118 a
904 1078 954 1118 me
976 1057 1141 1135 quidem—

132 1155 209 1216 meis
240 1155 320 1216 enim
349 1156 413 1217 illas
445 1168 647 1235 antepono-‚
677 1158 732 1218 sed
759 1177 777 1218 a
804 1156 954 1236 plerisque
985 1156 1043 1235 legi
1070 1168 1140 1217 sunt

85 1273 118 1308 10
131 1253 256 1314 desitae.
311 1257 364 1315 Me
395 1275 527 1328 numera,
556 1255 661 1333 inquit,
691 1255 722 1314 in
753 1255 924 1333 plerisque;
957 1274 1139 1332 quamquam

131 1351 223 1412 video
254 1351 327 1411 mihi
359 1355 452 1412 multa
482 1355 608 1430 legenda
638 1353 698 1413 iam
726 1364 756 1414 te
785 1365 917 1427 auctore,
944 1372 1023 1430 quae
1052 1364 1141 1413 antea

132 1451 375 1511 contemnebam.
418 1450 524 1529 Atqui.
540 1453 622 1524 haec,
652 1451 785 1528 inquam,
810 1452 850 1511 de
877 1449 992 1511 incestu
1020 1452 1141 1510 laudata
1158 1480 1204 1531 ιη

132 1547 230 1607 oratio
248 1547 368 1626 puerilis
387 1560 432 1609 est
447 1548 520 1610 locis
540 1549 659 1610 multis:
684 1552 723 1611 de
739 1569 849 1622 amore,
865 1550 904 1609 de
921 1547 1085 1621 tormentis,
1102 1549 1141 1608 de

133 1652 253 1705 rumore
287 1646 346 1706 loci
380 1666 452 1707 sane
486 1647 597 1721 inanes,
627 1667 729 1707 verum
761 1658 861 1708 tamen
896 1648 1033 1707 nondum
1066 1645 1140 1705 tritis

87 1761 116 1810 15
133 1753 303 1803 nostrorum
318 1743 476 1805 hominum
490 1745 611 1806 auribus
628 1765 685 1805 nec
699 1745 815 1806 erudita
829 1744 947 1805 civitate
962 1743 1138 1804 tolerabiles.

133 1840 257 1919 Scripsit
270 1842 360 1903 etiam
380 1843 437 1902 alia
456 1863 518 1903 non
532 1846 614 1903 nulla
628 1854 658 1904 et
678 1846 771 1903 multa
787 1843 861 1904 dixit
875 1854 905 1904 et
923 1842 1047 1902 illustria
1059 1853 1095 1921 et
1109 1841 1140 1900 in

123 1928 260 2000 'numero
294 1950 487 2018 patronorum
521 1940 585 2014 suit,
618 1951 651 2000 ut
684 1960 753 2001 eum
789 1940 884 2014 mirer,
913 1960 984 2000 cum
1018 1950 1048 2000 et
1080 1938 1140 1998 vita

134 2037 383 2114 suppeditavisset
402 2048 432 2098 et
451 2039 593 2115 splendor
609 2038 636 2100 ei
654 2058 716 2098 non
735 2038 886 2111 defuisset,
902 2040 1057 2098 consulem
1077 2056 1140 2097 non

135 2133 234 2195 fuisse.
277 2136 338 2195 Sed
352 2155 423 2195 ecce
440 2135 471 2195 in
489 2136 628 2196 manibus
642 2136 685 2195 vir
699 2147 729 2196 et
747 2136 1000 2214 praestantissimo
1019 2134 1139 2212 ingenio

87 2263 123 2300 20
136 2244 166 2293 et
190 2233 324 2310 flagranti
348 2233 449 2295 studio
472 2245 502 2294 et
522 2235 630 2295 doctus
650 2254 668 2293 a
689 2254 782 2312 puero
804 2236 838 2296 C.
862 2236 1023 2295 Gracchus.
1068 2232 1140 2293 Noli

135 2330 216 2391 enirrl
231 2343 334 2408 putare
349 2351 541 2408 quemquam,
559 2335 658 2405 Brute,
674 2331 838 2409 pleniorem
853 2342 904 2391 aut
918 2331 1085 2392 uberiorem
1100 2331 1140 2390 ad

134 2428 298 2489 dicendum
323 2429 422 2490 fuisse.
470 2433 510 2490 Et
537 2429 606 2490 ille:
640 2430 688 2490 Sic
716 2450 846 2508 prorsus,
871 2429 976 2506 inquit,
1002 2428 1140 2489 existimo

133 2537 224 2603 atque
252 2526 342 2586 istum
370 2528 409 2588 de
437 2527 638 2606 superioribus
665 2548 761 2606 paene
791 2530 888 2588 solum
917 2529 991 2604 lego.
1039 2529 1139 2586 Immo

134 2626 231 2702 plane,
250 2623 382 2701 inquam,
404 2628 503 2698 Brute,
524 2627 603 2702 legas
624 2645 742 2686 censeo
787 2628 940 2710 Damnum
961 2624 1041 2684 enim
1061 2624 1139 2683 illius

88 2751 118 2797 πμ
135 2722 294 2782 immaturo
309 2722 428 2783 interitu
443 2743 489 2784 res
505 2726 661 2784 Romanae
673 2724 857 2801 Latinaeque
871 2723 985 2783 litterae
995 2724 1137 2783 fecerunt.

134 2819 259 2896 Vtinam
287 2840 348 2880 non
374 2831 435 2904 tam
460 2821 540 2881 fratri
564 2820 705 2899 pietatem
732 2841 823 2898 quam
851 2821 962 2899 patriae
990 2831 1202 2898 praestarent

134 2917 294 2978 voluisset!
320 2920 420 2993 Quam
439 2919 489 2978 ille
507 2919 594 2979 facile
612 2920 663 2979 tali
685 2919 813 2997 ingenio,
834 2919 945 2979 diutius
966 2917 991 2978 si
1010 2917 1137 2991 vixisset,

133 3018 182 3076 vel
190 3027 345 3092 paternam
354 3027 431 3076 esset
440 3019 486 3076 vel
495 3017 604 3077 avitam
613 3017 737 3096 gloriam
746 3028 925 3078 consecutus
937 3021 942 3076 l
958 3016 1140 3094 Eloquentia

134 3113 258 3190 quidem
278 3115 380 3174 nescio
397 3135 435 3173 an
453 3114 606 3176 habuisset
622 3135 724 3193 parem
743 3114 903 3175 neminem.
947 3114 1077 3175 Grandis
1094 3125 1139 3174 est

88 3239 122 3289 30
134 3211 241 3284 verbis,
254 3212 372 3289 sapiens
383 3213 544 3287 sententiis,
557 3234 664 3291 genere
675 3225 740 3274 toto
753 3213 856 3291 gravis.
887 3215 997 3273 Manus
1004 3199 1139 3282 ⁸extrema

1153 2106 1193 2164 33

1156 2197 1201 2246 ¹²5

168 3383 184 3415 2
202 3368 416 3430 putabaturFO²2
435 3369 619 3430 putabantur-C
682 3383 698 3430 5
710 3370 814 3431 inquam
825 3369 948 3430 intellego
957 3367 991 3416 L:
1005 3368 1136 3432 intellego,

136 3434 241 3495 inquam
258 3434 368 3483 Schultz:
385 3435 490 3495 inquam
502 3435 552 3483 sed.
564 3433 686 3482 Fn'edn'ch
785 3450 816 3484 ro
832 3451 872 3483 me
891 3449 997 3483 numera
1009 3432 1147 3482 Weriluerr.

135 3515 258 3548 enumera
267 3499 302 3549 L:
320 3515 426 3548 numera
436 3535 459 3549 ..
471 3535 478 3549 .
487 3516 527 3549 me
536 3499 637 3546 Ernesti
699 3501 730 3547 16
746 3508 772 3548 et
785 3501 893 3549 illustria
906 3508 932 3548 et
942 3500 1009 3562 vulg.
1024 3517 1030 3548 ι
1044 3499 1137 3548 illustri

135 3572 162 3613 et
171 3564 243 3614 inL:
262 3573 288 3614 et
301 3565 392 3614 illustri
403 3567 429 3614 in
442 3580 549 3614 numero
562 3565 755 3630 [patronorum]
766 3565 869 3614 Martha
930 3580 959 3626 17
974 3581 998 3613 er
1006 3566 1057 3614 vita
1064 3565 1136 3625 Jahn

1042 3650 1072 3698 3*
